3276 5040
715 404 928 479 „43-.

193 578 261 631 tam
290 570 372 632 bene
401 572 527 634 servati.
573 572 668 634 Alter
697 573 808 634 eorum
841 573 914 635 inde
943 571 1170 653 proficiscitur,
1205 574 1294 652 quod
1322 573 1452 653 sapiens

193 676 302 736 omnia
324 677 476 756 φρονίμως
505 674 599 738 faciat
628 678 729 758 (quod
758 677 868 758 incipit
890 697 909 739 a
931 676 1037 740 verbis
1057 675 1172 758 λέγεται
1197 678 1297 738 τοίνυν
1316 679 1368 738 οὐκ
1392 678 1453 737 ἀπὸ

192 788 314 854 σκοποῦ,
331 800 403 842 cum
419 782 463 842 ita
478 779 672 862 significetur
694 802 737 844 ex
759 781 864 845 alieno
884 781 965 844 libro
988 782 1069 845 haec
1091 782 1263 864 desumpta
1278 802 1358 856 esse,
1382 783 1452 845 sine

192 884 291 947 dubio
308 885 510 966 compilatori
525 886 750 966 tribuendum),
774 885 855 949 alter
871 886 913 949 ab
929 907 978 961 e0,
996 889 1084 969 quod
1099 887 1175 950 nihil
1190 889 1314 951 invitus
1348 887 1451 968 Apud

194 988 384 1052 Ciceronem
406 991 438 1051 in
459 991 569 1071 parad.
593 990 625 1051 V
647 1011 676 1056 c.
704 1007 715 1052 1
740 991 771 1053 hi
794 994 859 1053 duo
881 992 912 1052 in
935 1012 1032 1054 unum
1055 993 1184 1056 conflati
1206 1002 1294 1056 sunt:
1343 990 1452 1073 »Quid

192 1104 242 1157 est
264 1097 349 1157 enim
373 1093 523 1157 libertas?
545 1095 692 1158 Potestas
714 1096 850 1170 vivendi,
874 1106 910 1159 ut
931 1096 1018 1159 velis.
1065 1096 1145 1178 Quis
1174 1099 1270 1179 igitur
1297 1097 1384 1170 vivit,
1414 1105 1451 1159 ut

192 1200 269 1275 volt,
294 1201 352 1262 nisi
375 1200 429 1279 qui
452 1211 538 1263 recte
561 1199 657 1262 vivit?
686 1201 714 1280 (ὅ
730 1199 762 1261 ot
777 1201 880 1281 ὀρθῶς
902 1196 999 1262 πάντα
1022 1211 1115 1263 ποιῶν
1132 1202 1318 1275 -ἐξουσίαν
1345 1202 1451 1280 σχήσει

190 1300 288 1366 πάντα
303 1306 379 1387 δρᾶν
393 1304 513 1384 καὶζῆν
534 1306 575 1377 ὡς
595 1308 745 1384 βούλεται,
780 1296 830 1366 Ὧι
846 1304 878 1366 tl
889 1303 979 1367 ταῦτ’
1003 1299 1124 1384 ἔξεστιν,
1148 1305 1305 1389 ἐλεύθερος
1325 1303 1363 1366 ἂν
1378 1304 1450 1390 εἴη.)

192 1410 285 1491 Quae
308 1419 484 1492 sequuntur
506 1413 675 1492 posteriori
690 1412 882 1492 syllogismo
898 1414 1109 1493 respondent:
1134 1414 1188 1493 qui
1202 1412 1322 1493 gaudet
1338 1410 1450 1473 officio

191 1551 234 1562 -
257 1516 346 1577 cuius
369 1516 476 1578 omnia
507 1516 636 1578 consilia
667 1537 781 1598 resque
811 1537 933 1591 omnes,
960 1537 1040 1598 quas
1062 1520 1152 1599 gerit,
1184 1518 1225 1580 ab
1255 1519 1326 1598 ipso
1353 1515 1450 1598 profi-

190 1623 351 1683 ciscuntur
382 1622 564 1700 eodemque
590 1620 767 1683 reseruntur
802 1642 860 1684 nec
892 1630 942 1684 est
971 1622 1036 1683 ulla
1066 1643 1125 1694 res,
1154 1641 1237 1703 quae
1265 1622 1338 1702 plus
1360 1621 1449 1702 apud

190 1746 265 1787 eum
294 1724 416 1805 polleat
444 1745 541 1806 quam
569 1727 666 1806 ipsius
693 1727 842 1789 voluntas
873 1736 970 1809 atque
1001 1727 1162 1788 iudicium:
1191 1761 1230 1774 -
1256 1725 1324 1788 Soli
1353 1727 1451 1804 igitur
1481 1744 1483 1746 ’

190 1830 252 1893 hoc
275 1831 431 1911 contingit
453 1830 597 1911 sapienti,
622 1839 656 1892 ut
677 1831 752 1893 nihil
776 1831 871 1893 faciat
893 1833 1018 1904 invitus
1043 1831 1118 1893 nihil
1140 1831 1262 1905 dolens
1293 1830 1369 1892 nihil
1396 1851 1449 1893 co·

190 1945 289 1998 actus.
336 1933 434 2015 Quod
464 1935 523 1997 etsi
553 1935 602 1997 ita.
626 1956 696 1997 esse
726 1936 870 2017 pluribus
900 1937 1005 1998 verbis
1036 1937 1256 1999 disserendum
1282 1945 1340 2010 est,
1370 1935 1449 1998 illud

190 2052 299 2104 tamen
328 2050 361 2103 et
391 2042 489 2103 breve
517 2049 549 2102 et
577 2040 795 2103 confitendum
818 2053 875 2116 est,
908 2043 965 2104 nisi
993 2043 1045 2123 qui
1069 2043 1113 2104 ita
1133 2042 1174 2104 sit
1196 2040 1348 2115 adfectus
1375 2060 1449 2103 esse

189 2146 324 2210 liberum
346 2147 516 2208 neminem.
540 2144 672 2207 -Iam
695 2147 735 2207 ad
759 2147 884 2228 singula
906 2157 1122 2210 transeamus:
1146 2144 1245 2226 Quod
1264 2146 1368 2226 igitur,
1392 2145 1449 2227 q'ui

189 2252 341 2335 φρονίμως
363 2252 471 2314 omnia
494 2249 577 2323 facit,
602 2250 627 2312 is
649 2251 745 2312 etiam
769 2247 802 2311 εὖ
824 2253 932 2314 omnia
954 2251 1057 2314 lacere
1079 2252 1201 2325 dicitur,
1225 2252 1266 2313 ad
1289 2251 1351 2312 hoc
1374 2271 1449 2313 con-

189 2356 273 2421 ferre
296 2357 391 2419 liceat
413 2356 504 2419 Stob.
529 2354 585 2418 ecl.
610 2355 640 2416 ΙΙ
666 2356 740 2433 198:
770 2357 822 2416 τὸν
842 2357 1005 2418 σπουιλαῖον
1026 2391 1067 2402 -
1090 2348 1176 2419 πάντ’
1202 2351 1235 2417 ιύ
1256 2363 1360 2430 ποιεῖν,
1391 2379 1448 2416 κα-
1543 2389 1546 2398 ·

189 2456 291 2547 θάπερ
312 2463 464 2545 φρονίμως
486 2484 513 2522 κ.
536 2483 564 2526 τ.
586 2464 612 2524 λ.
655 2461 695 2523 ad
725 2458 941 2534 ἀνυπευθύνους
963 2461 1003 2524 ib.
1027 2461 1157 2523 11222:
1182 2461 1231 2521 καὶ
1253 2459 1345 2539 μόνον
1372 2455 1449 2521 εἶναι

188 2569 240 2628 τὸν
263 2569 356 2650 σοφὸν
377 2566 505 2646 βασιλέα
528 2600 576 2626 -.
601 2566 655 2644 τὴν
676 2567 733 2649 γὰρ
754 2569 911 2645 βασιλείαν
937 2568 1033 2650 ἀρχὴν
1061 2563 1270 2627 ἀνυπεύθυνον
1296 2562 1371 2627 εἶναι
1395 2567 1447 2650 (cs.

187 2674 285 2754 Diog.
314 2674 393 2755 122).
438 2673 479 2735 ad
502 2673 725 2754 ἀναμαρτήτους
746 2673 843 2754 Diog.
868 2674 888 2739 l.
911 2673 931 2735 l.
955 2671 999 2733 ἔτι
1021 2672 1071 2731 καὶ
1098 2673 1329 2753 ἀναμαρτήτους
1357 2667 1447 2753 (εἶναι

186 2781 257 2850 τοὺς
276 2779 410 2861 σοφούς).
450 2776 514 2840 Cic.
530 2777 659 2839 Tuscul.
677 2778 709 2839 V
727 2781 782 2840 81:
808 2777 969 2859 Sapientis
990 2785 1040 2840 est
1062 2777 1146 2838 enim
1169 2779 1336 2859 proprium
1358 2779 1445 2854 nihil,

189 2884 278 2964 quod
301 2885 463 2964 paenitere
486 2883 597 2964 possit,
621 2882 736 2945 lacere.
776 2884 831 2945 Ad
854 2881 1072 2944 definitionem
1090 2882 1244 2945 libertatis
1259 2892 1444 2964 praeterea:

189 2986 254 3050 Cic.
279 2985 334 3049 off.
357 2987 371 3047 Ι
394 3002 452 3067 70:
477 2987 655 3066 (libertatis)
677 2988 843 3068 proprium
866 2997 915 3050 est
936 2988 981 3050 sic
1003 2988 1118 3062 vivere,
1143 2997 1178 3050 ut
1193 2986 1279 3049 velis.
1303 2987 1445 3068 Epictet.

186 3093 225 3167 II,
244 3109 269 3167 l,
283 3110 301 3154 2
307 3109 340 3171 3:
363 3128 406 3139 -
420 3094 492 3152 ἄλλο
505 3093 538 3152 τί
553 3092 633 3154 ἔστιν
647 3091 804 3174 ἐλευθερία
820 3091 839 3172 ἢ
853 3094 888 3153 τὸ
904 3093 1008 3165 ἐξεῖναι
1026 3093 1067 3165 ὡς
1080 3091 1260 3171 βουλόμεθα
1283 3092 1446 3174 άιιξύγειν;

186 3197 244 3260 IV.
272 3215 297 3272 1,
325 3214 357 3259 1:
393 3197 551 3281 ἐλεύθερός
573 3197 653 3259 ἐστιν
674 3197 764 3273 άζῶν
786 3199 827 3270 ὡς
846 3199 1005 3276 βούλεται·
1029 3199 1063 3258 ὃν
1084 3195 1147 3259 ούτ’
1171 3197 1339 3278 ἀναγκάσαι
1360 3197 1443 3259 ἐστὶν

187 3305 255 3364 ούτε
282 3303 414 3364 κωλύσαι
444 3304 512 3363 ούτε
539 3302 722 3384 βιάσασθαι,
752 3296 788 3364 οὗ
816 3301 847 3363 αἱ
882 3303 973 3384 ὁρμαὶ
1011 3302 1240 3380 ἀνεμπόδιστοι,
1274 3300 1305 3362 αλ
1335 3301 1446 3386 ὀρέξεις

187 3408 399 3481 ε’πιτευκτικαὶ,
424 3405 455 3468 αἱ
477 3406 620 3478 ἐκκλίσεις
642 3408 858 3484 άπερίπταιτοι;
889 3429 972 3491 quae
1000 3410 1096 3490 igitur
1124 3406 1247 3490 profert
1272 3408 1314 3470 ad
1336 3406 1445 3470 defini·

186 3514 314 3587 endum,
345 3513 421 3592 quid
449 3514 490 3574 sit
517 3513 624 3574 vivere
653 3521 688 3575 ut
716 3513 803 3590 veliS,
831 3514 1028 3596 respondent
1049 3514 1219 3594 posteriori
1242 3512 1444 3592 syllogism0,

188 3639 253 3701 quo
283 3618 364 3682 liber
393 3619 543 3692 sumitur,
579 3617 613 3677 ὃν
640 3618 683 3697 μὴ
713 3618 862 3698 ἐνδέχεται
894 3611 962 3698 μήτ’
995 3618 1162 3700 ἀναγκάσαι
1194 3618 1272 3696 μήτε
1300 3618 1444 3682 κωλύσαι.

185 3723 310 3786 Eadem
333 3722 487 3787 libertatis
510 3723 693 3786 definitione
716 3744 791 3786 usus
814 3735 863 3787 est
884 3724 926 3790 ib.
954 3725 1028 3786 128:
1059 3723 1075 3783 ὁ
1104 3721 1257 3794 ἀκώλυτος
1278 3723 1446 3805 άνθρωιιος

186 3828 361 3911 ἐλεύθερος·
383 3829 416 3889 ὃν
438 3827 549 3890 δ’ἴστιν
571 3826 589 3908 ἢ
612 3831 744 3891 κωλύσαι
766 3827 785 3909 ἢ
800 3829 967 3910 ἀναγκάσαι
982 3827 1001 3909 ἢ
1015 3829 1174 3908 ίμποιλίσαι
1191 3863 1230 3872 -
1247 3827 1353 3900 δοῦλός
1368 3827 1454 3892 ἔστα

184 3934 199 3996 Ι
226 3950 272 4009 12,
296 3952 334 4014 9:
372 3934 530 4015 ἐλεύθερος
552 3929 609 4017 γάρ
631 3934 720 4010 ἐστιν,
744 3923 768 4019 ᾧ
788 3935 900 4016 γίνεται
920 3928 1018 3995 πάντα
1040 3935 1118 3995 κατὰ
1140 3932 1312 4017 προαίρεσιν
1335 3933 1386 3993 καὶ
1408 3934 1445 3994 ὃν

186 4039 282 4111 οὐθεὶς
304 4039 429 4099 δύναται
453 4040 594 4100 κωλύσαι.
639 4040 807 4115 Ρταεῒειεε
828 4037 952 4101 adferre
974 4039 1067 4102 liceat
1084 4040 1165 4103 Plut.
1183 4039 1353 4118 compend.
1371 4037 1444 4101 libri

185 4143 313 4207 Stoicos
335 4164 366 4224 q.
384 4154 471 4225 poet.
495 4145 622 4208 absurd.
646 4145 759 4207 dicere.
783 4166 810 4208 c.
833 4161 864 4206 1:
889 4143 953 4205 ὁιλὲ
967 4153 1027 4205 τῶν
1041 4146 1185 4206 Στωικῶν
1202 4150 1297 4226 σοφὸς
1311 4142 1444 4224 ἓγκλειά

183 4272 272 4328 μενος
294 4251 329 4310 ού
350 4250 495 4310 κωλύεται
518 4250 567 4310 καὶ
590 4249 901 4331 κατακρημνιζόμενος
926 4252 979 4310 οὐκ
1004 4240 1205 4331 ἀναγκάζεται.
1223 4287 1262 4294 -
1279 4247 1443 4330 ὀρέγεσθαι

185 4364 217 4417 et
239 4350 393 4437 τυγχάνειν
414 4355 465 4417 vel
489 4348 710 4437 ἀποτυγχάνειν,
727 4365 762 4416 ut
780 4355 839 4428 hie,
864 4356 949 4436 apud
965 4355 1150 4436 Epictetum
1172 4355 1344 4420 sescenties
1362 4373 1442 4418 con·
