3276 5040
707 365 920 429 ,39-

186 520 275 601 quod
294 520 460 600 impediat,
483 520 537 599 qui
560 539 674 581 omnes
696 520 792 581 animi
814 517 970 581 tumultus
993 529 1121 582 coercet
1149 520 1332 601 pedemque
1355 523 1386 583 in
1407 521 1444 583 iis

186 625 281 707 ponit
304 633 458 705 tanquam
481 625 512 685 in
534 622 662 686 athletis
686 625 718 685 in
740 624 913 687 certamine
936 625 1113 706 prostratis
1144 645 1203 687 nec
1224 635 1325 707 paret,
1350 646 1444 708 quae·

186 750 312 811 cunque
338 729 565 811 improbissimi
596 730 691 792 animi
721 729 841 791 domini
878 730 1052 811 imperant,
1087 739 1220 811 propter
1253 728 1443 810 flagrantem

176 835 343 900 libertatis
374 854 520 897 amorem
548 835 762 916 studiumque,
792 835 880 898 cuius
907 837 1073 918 proprium
1103 843 1153 896 est
1180 837 1287 897 omnia
1316 855 1358 898 ex
1384 856 1444 899 suo

187 940 320 1004 arbitrio
347 959 472 1021 agere«
519 939 703 1020 Utrumque
724 949 758 1003 et
784 941 975 1022 cupiditates
1004 940 1153 1030 dominos
1182 940 1345 1021 appellare
1355 941 1380 1021 1)
1413 950 1446 1004 et

187 1047 351 1128 sapientes
373 1064 563 1126 comparare
585 1066 659 1108 cum
678 1046 807 1108 athletis
829 1044 1022 1121 Stoicorum,
1052 1065 1237 1126 quanquam
1268 1047 1335 1108 eius
1358 1048 1445 1109 modi

187 1151 438 1232 comparationis
458 1150 655 1232 exemplum,
681 1160 725 1226 ut,
756 1170 852 1231 quem
882 1151 1059 1213 admodum
1089 1148 1151 1228 hic,
1182 1151 1277 1213 animi
1307 1153 1446 1233 partium

187 1257 271 1319 inter
293 1276 329 1318 se
347 1275 457 1338 pugna
477 1275 551 1317 cum
575 1254 769 1319 athletarum
795 1256 1022 1319 certaminibus
1037 1254 1228 1333 conseratur,
1243 1258 1330 1338 apud
1346 1277 1445 1321 unum

188 1362 292 1424 inveni
315 1360 483 1436 Senecam,
507 1362 548 1422 de
570 1360 616 1423 ira
637 1362 668 1423 II
695 1378 742 1438 14,
764 1378 801 1438 4:
838 1358 924 1441 Quid
947 1360 1046 1439 ergo?
1069 1381 1134 1424 non
1155 1362 1297 1424 incidunt
1320 1382 1445 1436 causae,

188 1487 272 1547 quae
295 1468 375 1530 iram
398 1464 577 1528 lacessant?
600 1464 666 1528 Sed
688 1475 764 1528 tunc
779 1467 921 1529 maxime
941 1466 984 1528 illi
1001 1467 1217 1548 opponendae
1232 1487 1346 1528 manus
1360 1476 1444 1542 sunt,

189 1591 248 1634 nec
270 1581 321 1634 est
343 1569 472 1635 difficile
494 1572 621 1635 vincere
645 1572 797 1645 animum,
821 1593 895 1634 cum
917 1571 1058 1634 athletae
1088 1592 1218 1653 quoque
1239 1573 1271 1634 in
1292 1572 1445 1634 vilissima

188 1677 235 1739 sui
258 1684 351 1758 parte
373 1678 523 1758 occupati
545 1688 654 1739 tamen
677 1678 758 1740 ictus
780 1677 976 1757 doloresque
1000 1678 1169 1758 patiantur,
1199 1685 1233 1740 ut
1262 1678 1345 1740 vires
1373 1698 1446 1740 cae-

188 1781 294 1843 dentis
316 1782 516 1844 exhauriant.
541 1819 581 1828 -
603 1783 776 1845 Adiectiva
798 1782 1028 1854 οὐτοκέλεοστος
1050 1784 1101 1843 καὶ
1123 1781 1311 1865 ἐθιλουργός,
1340 1791 1375 1844 ut
1396 1782 1448 1844 hic

188 1887 359 1948 coniuncta
395 1887 458 1966 (διὰ
481 1887 770 1969 ζῆλον-ἐλευθερίας,
794 1880 829 1966 ἧς
861 1889 896 1948 τδ
924 1887 1155 1948 αὐτοκέλευστον
1186 1888 1236 1948 καὶ
1268 1888 1448 1970 ἓθιλουργδν

188 1994 294 2072 κλῆρος
316 1988 403 2073 ἴδιος)
434 1992 538 2055 inveni
571 1995 658 2076 apud
688 1992 872 2067 Philonem,
906 1994 946 2055 de
981 1992 1144 2055 monarch.
1172 1993 1225 2056 lib.
1259 2010 1284 2056 1.
1311 1994 1341 2056 II
1368 2008 1446 2054 220:

188 2093 344 2168 ἐπαινέσας
359 2132 375 2165 -,
396 2096 412 2156 ὁ
434 2098 508 2170 θεὸς
535 2100 590 2178 τὴν
618 2099 771 2180 ἀριστείαν
800 2099 1022 2182 οὐτοκελεύστῳ
1052 2099 1102 2158 uui
1131 2098 1301 2184 ἐθιλοοργιζ
1329 2098 1450 2186 σπουδῇ

187 2194 356 2283 γενομένην.
392 2242 431 2250 -
468 2204 652 2268 »Laudatur
684 2206 772 2286 apud
806 2205 965 2286 quosdam
998 2205 1042 2285 (id
1076 2213 1125 2266 est
1158 2206 1189 2267 in
1218 2225 1259 2267 eo
1292 2205 1342 2266 cui
1367 2206 1449 2266 haec

190 2307 299 2370 omnia
331 2309 524 2390 compilator
561 2311 658 2374 debet
699 2309 791 2392 libro)
839 2310 953 2372 senarii
994 2310 1087 2372 huius
1126 2319 1252 2373 auctor:
1303 2310 1350 2381 τίς
1386 2308 1450 2371 ἐστι

188 2411 312 2489 δοῦλος,
348 2422 402 2474 τοῦ
429 2418 537 2476 θανεῖν
564 2417 709 2498 ἄφροντις
739 2415 799 2491 ὤν,·
828 2417 916 2495 quod
946 2416 1029 2478 bene
1052 2416 1269 2496 perspexerit,
1298 2415 1385 2476 null'a
1414 2435 1448 2476 re

190 2519 293 2598 magis
320 2519 462 2581 animum
485 2522 599 2602 subigi,
623 2541 720 2601 quam
744 2522 856 2583 mortis
880 2531 977 2583 metu.
1015 2520 1080 2582 Sed
1102 2522 1276 2583 tenendum
1298 2529 1356 2595 est,
1385 2540 1450 2581 non

188 2623 265 2684 satis
288 2643 359 2685 esse
382 2635 521 2688 mortem
544 2636 759 2701 contemnere,
784 2627 841 2688 sed
863 2635 1089 2708 paupertatem
1112 2636 1144 2688 et
1166 2625 1329 2688 infamiam
1344 2634 1376 2687 et
1395 2625 1449 2687 do-

189 2728 274 2791 lores
305 2750 365 2811 pro
395 2730 493 2794 nihilo
524 2741 638 2813 putare
669 2740 800 2813 oportet
826 2733 1007 2811 omniaque,
1031 2752 1113 2812 quae
1136 2731 1280 2812 plerique
1302 2733 1333 2793 in
1356 2730 1448 2793 malis

189 2835 340 2897 ducunt«
387 2837 477 2899 Haec
500 2838 617 2914 omnia,
648 2838 852 2918 (sententiam
882 2840 1040 2918 integram
1070 2857 1143 2899 cum
1173 2840 1280 2917 versu)
1307 2858 1326 2900 a
1350 2835 1450 2918 Chry-

190 2941 285 3022 sippo
307 2942 447 3023 pendere
462 2942 651 3006 Plutarchus
674 2963 734 3004 nos
757 2944 861 3016 docet,
886 2943 972 3023 apud
993 2962 1091 3022 quem
1113 2943 1155 3004 de
1176 2943 1341 3006 audiendis
1361 2951 1449 3024 poet.

191 3064 232 3126 34
245 3048 281 3110 B.
303 3047 384 3110 haec
406 3060 496 3114 sunt:
523 3051 587 3129 Τὴν
600 3040 678 3109 ‹l'r'nt
692 3052 794 3108 πλεῖον
809 3057 871 3108 τῶν
885 3046 1050 3128 λεγομένων
1060 3058 1170 3129 χρῆσιν
1185 3045 1333 3120 ὑπέδειξεν
1348 3049 1454 3128 ὀρθῶς

189 3152 412 3235 ὁΧρύσιτιιιος,
435 3152 481 3212 ὅτι
504 3154 550 3213 δεῖ
570 3149 710 3234 μετάγειν
732 3154 782 3213 καὶ
805 3148 991 3232 διαβιβάζειν
1013 3153 1059 3213 ἐπὶ
1082 3154 1121 3213 τὰ
1143 3152 1264 3230 ὁμοειδῆ
1286 3152 1321 3211 τὸ
1340 3151 1450 3233 χρήσι-

189 3281 260 3337 μον.
291 3253 329 3320 Ὅ
343 3281 375 3319 τε
395 3259 453 3340 γὰρ
466 3256 606 3330 Ἡσίοδος
619 3258 710 3319 εἰπὼν
732 3282 759 3319 κ.
776 3282 802 3318 τ.
820 3262 847 3318 l.
869 3296 922 3324 -.
944 3258 1010 3319 Καὶ
1033 3251 1120 3318 πάλιν
1141 3267 1195 3317 τοῦ
1216 3256 1383 3338 Εὐριπίδου
1403 3254 1453 3316 λέ-

190 3385 307 3445 γοντοςε
355 3364 409 3435 Τίς
431 3361 523 3425 δ’ἐστι
545 3365 650 3435 δοῦλος
672 3373 726 3424 τοῦ
755 3368 863 3424 δονεῖν
891 3365 1035 3446 ἄφροντις
1062 3362 1122 3439 dh,-
1157 3361 1377 3436 ὑπακουστέον,
1406 3361 1452 3422 ὅτι

191 3470 241 3529 καὶ
264 3469 330 3550 περὶ
353 3468 446 3529 πόνου
467 3471 517 3529 καὶ
545 3468 633 3530 νόσου
663 3470 701 3530 τὰ
724 3471 802 3530 αὐτὰ
824 3469 949 3552 εἴρηκεν.
972 3505 1013 3514 -
1037 3468 1151 3550 Mortis
1180 3479 1289 3531 autem
1310 3468 1452 3548 inprimis

279 3638 303 3706 ¹)
324 3641 377 3691 Cic.
388 3643 477 3706 parad.
489 3644 512 3690 V
531 3659 551 3692 c.
564 3655 586 3690 1:
607 3651 660 3690 tum
669 3642 773 3706 incipiat
784 3643 838 3691 aliis
849 3643 980 3706 imperare,
996 3657 1053 3690 cum
1065 3641 1118 3705 ipse
1130 3640 1321 3704 improbissimis
1335 3640 1452 3698 dominis,

193 3729 316 3778 dedecori
329 3745 359 3777 ac
376 3729 535 3794 turpitudini,
554 3745 641 3794 parere
659 3729 767 3779 desierit.
795 3731 899 3789 Seneca,
919 3747 961 3796 ep.
976 3742 1017 3792 37,
1037 3744 1066 3794 3:
1104 3728 1214 3776 Humilis
1232 3745 1271 3778 res
1289 3736 1327 3777 est
1338 3727 1451 3786 stultitia,

193 3817 279 3865 multis
300 3818 431 3867 affectibus
449 3826 474 3867 et
492 3818 639 3866 saevissimis
656 3818 776 3868 subiecta.
812 3820 868 3868 Hos
886 3827 938 3868 tarn
958 3834 1046 3883 graves
1064 3818 1182 3868 dominos
1204 3817 1331 3866 interdum
1352 3815 1454 3864 alteruis

193 3905 345 3970 imperantes
363 3908 488 3956 interdum
506 3906 598 3971 pariter
615 3906 719 3956 dimittit
734 3923 749 3955 a
767 3915 791 3956 te
809 3907 940 3972 sapientia,
961 3923 1026 3972 quae
1043 3908 1098 3956 sola
1117 3915 1154 3956 est
1170 3907 1280 3955 libertas.
1298 3921 1339 3968 ep.
1354 3915 1395 3964 92,
1411 3916 1453 3966 31.

193 3994 278 4044 Nemo
302 3995 367 4044 liber
391 4003 436 4057 est,
463 3996 507 4060 qui
531 3995 632 4060 corpori
655 3996 739 4045 servit.
776 3997 844 4045 Nam
871 4005 898 4044 ut
922 3996 986 4045 alios
1010 3996 1137 4054 dominos,
1162 4010 1226 4059 quos
1249 3993 1327 4041 nimia
1344 4009 1390 4056 pro
1408 3991 1453 4040 illo

196 4082 342 4132 sollicitudo
360 4083 464 4146 invenit,
484 4092 604 4145 transeas,
624 4084 701 4148 ipsius
720 4101 847 4133 morosum
865 4084 997 4150 imperium
1015 4085 1201 4148 delicatumque
1219 4090 1264 4130 est.
1294 4080 1404 4144 Epictet.
1417 4079 1455 4126 IV

198 4185 229 4229 1,
241 4171 275 4220 86
291 4198 325 4208 -
342 4165 382 4241 μή
397 4190 425 4224 τι
442 4167 538 4232 ἁπλῶς
557 4170 608 4238 τὴν
625 4172 656 4224 ἰν
674 4168 741 4245 ἡμῖν
756 4167 911 4241 ἀκρόπολιν
928 4175 975 4224 καὶ
993 4172 1058 4232 τοὺς
1076 4172 1106 4224 ἐν
1123 4166 1192 4243 ἡμῖν
1208 4169 1364 4238 τυράννους
1381 4162 1452 4219 uiuo·

194 4252 374 4330 βεβλήκαμεν.
411 4262 563 4327 Quanquam
587 4261 629 4311 hic
652 4261 755 4311 dicendi
777 4277 836 4311 usus
857 4261 977 4310 latissime
995 4262 1097 4326 patebat
1116 4263 1149 4308 cf.
1170 4258 1304 4324 Sophoclis
1325 4255 1454 4306 celeberri-

198 4365 267 4398 mum
286 4350 349 4399 illud
368 4352 400 4399 de
418 4358 545 4399 senectute
563 4351 667 4400 dietum.
687 4350 751 4399 Plat.
771 4351 803 4400 R.
816 4350 843 4399 P.
862 4362 912 4413 329
931 4364 952 4399 c.
