3276 5040
708 379 922 445 ..47-

188 553 261 596 earn
277 534 503 615 pertinentium
520 535 670 615 imperito
692 555 735 596 ex
756 555 861 615 aequo
883 537 923 598 de
944 534 994 597 his
1016 534 1112 597 rebus
1132 555 1205 596 curn
1228 536 1265 598 iis
1279 536 1442 619 disputare

188 639 272 714 licet,
297 641 351 718 qui
374 659 413 701 ea
434 639 566 701 scientia
588 640 731 708 instructi
753 650 838 707 sunt.
881 640 985 722 Atqui
1002 638 1161 711 omnibus,
1185 641 1239 721 qui
1254 641 1343 704 liberi
1359 654 1441 715 sunt,

187 744 312 825 legibus
340 744 527 806 conceditur
555 765 599 806 ex
628 765 733 826 aequo
763 746 846 807 inter
873 765 908 807 se
938 744 1089 824 colloqui.
1134 743 1244 807 Tertia
1262 750 1442 828 propositio

188 858 254 912 est:
293 858 326 910 et
354 857 428 911 sunt
458 847 600 910 nonnulli
629 849 807 931 proborum
836 850 942 926 liberi,
974 852 1063 912 cuius
1095 851 1324 931 propositionis
1356 855 1443 917 nulla

187 954 311 1017 ratione
331 953 442 1016 habita
462 963 640 1034 sequuntur
656 955 752 1017 haec:
785 954 867 1018 Sunt
896 963 1005 1017 autern
1035 954 1110 1017 mali
1139 955 1223 1017 vitae
1252 977 1358 1019 rerum
1388 961 1443 1021 im-

187 1060 288 1140 periti,
311 1057 406 1140 probi
427 1059 520 1139 periti
544 1060 641 1141 (prior
663 1060 758 1140 igitur
779 1060 968 1140 propositio,
992 1081 1075 1141 quae
1096 1069 1165 1122 erat
1187 1061 1272 1123 vitae
1289 1063 1444 1144 imperitis

187 1184 252 1226 non
272 1164 367 1226 licere
388 1184 432 1225 ex
454 1184 560 1244 aequo
582 1185 657 1227 cum
679 1165 789 1245 peritis
811 1166 983 1245 disputare,
1007 1167 1049 1226 ad
1071 1165 1174 1227 malos
1190 1165 1375 1249 probosque
1390 1170 1443 1230 ad-

186 1269 334 1350 hibetur).
379 1268 486 1332 Nemo
509 1269 604 1350 igitur
624 1268 728 1331 malus
750 1269 830 1332 liber
851 1279 909 1344 est,
934 1272 991 1332 sed
1005 1271 1089 1332 servi
1103 1279 1177 1332 sunt
1192 1290 1314 1333 omnes.
1352 1272 1443 1336 Haec

186 1374 272 1436 enim
292 1373 392 1435 altera
407 1375 587 1455 propositio
602 1383 680 1449 erat,
696 1373 851 1437 libertatis
865 1374 1030 1456 propriam
1048 1395 1119 1437 esse
1134 1395 1272 1456 aequam
1290 1377 1443 1456 loquendi

185 1488 392 1560 potestatem,
423 1487 467 1553 ut,
499 1479 616 1558 quibus
643 1500 682 1542 ea
710 1488 857 1560 potestas
886 1498 952 1540 non
973 1481 1179 1561 concedatur,
1202 1481 1284 1542 servi
1306 1482 1369 1544 sint
1391 1503 1442 1545 ne·

186 1585 340 1661 cessario;
364 1583 456 1646 malis
478 1593 587 1647 autem
609 1593 644 1645 ut
666 1585 820 1666 imperitis
843 1604 908 1646 non
929 1586 1129 1647 conceditur:
1155 1606 1233 1665 ergo
1254 1588 1336 1647 servi
1359 1597 1441 1650 sunt.

186 1688 272 1751 Nihil
301 1689 386 1752 aliud
416 1690 511 1770 igitur
539 1691 580 1751 de
607 1690 717 1770 probis
747 1699 782 1751 ut
811 1698 963 1762 sumatur,
995 1690 1076 1751 ratio
1099 1690 1251 1771 postulat,
1280 1691 1338 1752 nisi
1361 1692 1440 1755 hoc:
1509 1723 1511 1726 ⁴

186 1795 307 1877 peritos
329 1815 400 1856 esse
423 1815 480 1856 eos
501 1815 606 1856 rerum
629 1795 671 1856 ad
693 1795 792 1856 vitam
812 1795 1045 1875 pertinentium,
1075 1814 1159 1873 quae
1181 1797 1360 1877 propositio
1382 1818 1442 1860 suo

187 1900 260 1962 loco
283 1909 401 1972 exstat,
425 1919 499 1960 curn
522 1920 569 1974 ea,
593 1919 677 1979 quae
699 1920 782 1961 nunc
804 1901 897 1961 tertia
919 1909 979 1976 est,
995 1898 1165 1961 nonnullos
1181 1901 1357 1981 proborum
1372 1922 1443 1964 esse

186 2004 312 2077 liberos,
336 2004 411 2066 nihil
433 2025 564 2085 prorsus
587 2005 682 2067 faciat
703 2005 746 2067 ad
769 2005 926 2067 rationem
948 2004 1212 2079 concludendam,
1236 2006 1336 2068 immo
1359 2007 1444 2071 male

186 2130 259 2172 earn
283 2111 493 2190 interrumpat
523 2118 555 2171 et
584 2118 757 2190 pervertat.
802 2108 895 2189 Quae
925 2128 1000 2171 curn
1028 2109 1071 2170 ita
1099 2111 1169 2179 sint,
1201 2111 1343 2173 eicienda
1366 2114 1442 2175 mihi

184 2216 332 2277 videntur
353 2215 467 2277 verba:
493 2216 541 2275 nul
567 2215 626 2277 εἶσί
640 2238 716 2287 τινες
737 2224 799 2276 τῶν
820 2215 992 2275 σπουδαίων
1015 2213 1177 2295 ἐλεύθεροι,
1204 2235 1269 2277 non
1284 2225 1320 2276 ut
1335 2217 1443 2280 addita

185 2341 205 2382 a
227 2321 448 2402 compilatore,
470 2322 528 2382 sed
551 2341 569 2382 a
592 2321 713 2383 lectore
735 2320 844 2401 aliquo
866 2319 917 2382 vel
940 2320 1044 2382 scriba
1073 2320 1200 2382 curioso
1227 2320 1281 2381 illo
1311 2322 1441 2400 quidem

188 2447 245 2488 nec
267 2435 376 2489 tamen
398 2427 475 2488 satis
497 2425 614 2500 subtili,
638 2427 692 2507 qui
714 2446 753 2487 ea
775 2446 818 2487 ex
833 2427 939 2507 priore
954 2427 1232 2506 argumentatione
1248 2428 1440 2507 repetiverit.

185 2567 229 2577 -
251 2531 357 2593 »Zeno
379 2533 531 2595 audacius
557 2532 670 2594 etiam:
705 2551 820 2605 nonne,
844 2533 954 2612 inquit,
977 2530 1143 2611 vapulabit
1165 2530 1278 2606 malus,
1297 2533 1323 2593 si
1338 2534 1443 2612 probo

186 2636 435 2699 contradixerit?
480 2636 580 2718 (Ergo
606 2635 698 2697 malis
720 2656 794 2697 curn
816 2636 909 2698 bonis
932 2657 1035 2717 aequa
1057 2634 1208 2717 loquendi
1227 2636 1356 2699 libertas
1379 2658 1444 2700 non

185 2743 257 2813 est).
302 2741 478 2822 Plerosque
506 2743 589 2805 bene
611 2742 678 2803 scio
700 2741 763 2802 hoc
782 2740 903 2803 dictum
925 2741 1085 2803 derisuros
1109 2762 1188 2815 esse,
1218 2741 1280 2820 qui,
1305 2743 1330 2803 si
1352 2763 1442 2804 accu-

187 2848 285 2909 ratius
307 2847 473 2926 inquirent,
505 2847 640 2909 veritate
670 2847 738 2908 eius
769 2847 895 2909 attoniti
925 2847 1121 2927 intellegent,
1147 2845 1223 2907 nihil
1246 2847 1348 2928 magis
1371 2867 1443 2910 esse
1481 2904 1484 2908 .

187 2952 373 3026 dolendum,
397 2971 495 3031 quarn
517 2972 582 3014 non
604 2951 832 3014 auscultavisse
855 2953 989 3032 sapienti
1011 2960 1090 3013 etex
1125 2950 1219 3013 Hanc
1241 2951 1328 3031 vulgi
1351 2955 1445 3015 casti-

186 3059 360 3138 gationem,
384 3078 481 3139 quam
504 3058 615 3138 paucis
637 3066 762 3120 tanturn
777 3057 994 3130 indicavimus,
1011 3076 1076 3135 qua
1091 3076 1137 3129 ea,
1155 3074 1238 3135 quae
1253 3057 1294 3118 de
1310 3057 1445 3144 ἰσηγορίᾳ

188 3164 350 3243 disputata
371 3172 455 3237 sunt,
471 3163 714 3236 concluduntur,
737 3162 861 3224 exordii
876 3161 1070 3223 simillimam
1089 3181 1160 3223 esse
1177 3159 1380 3224 manifestum
1395 3175 1445 3226 est

190 3287 250 3330 nec
270 3289 400 3331 necesse
423 3269 481 3331 erit
504 3267 635 3346 singulis
657 3268 904 3329 demonstretur.

211 3387 216 3393 ’
276 3373 372 3435 »Mihi
395 3393 479 3453 quae
499 3373 562 3436 huc
584 3393 686 3452 usque
708 3372 775 3433 dixi
797 3371 980 3435 sufficerent
1002 3373 1044 3434 ad
1065 3390 1132 3432 rem
1154 3369 1365 3451 probandam,
1386 3374 1444 3435 sed

189 3477 243 3558 qui
266 3479 464 3541 medicorum
494 3499 566 3541 mos
596 3486 654 3553 est,
686 3487 720 3539 ut
749 3477 864 3540 morbo
893 3479 982 3541 vario
1011 3477 1097 3538 varia
1119 3482 1288 3556 opponant
1310 3475 1445 3537 medica-

188 3592 306 3657 menta,
336 3584 381 3646 sic
410 3605 449 3646 ea
479 3603 619 3663 quoque,
650 3603 734 3663 quae
760 3582 929 3664 paradoxa
957 3603 1029 3645 esse
1059 3591 1214 3663 putantur
1243 3588 1377 3660 propter
1399 3582 1443 3641 rei

188 3688 365 3751 novitatem
385 3709 517 3751 necesse
536 3689 661 3751 videtur
681 3696 945 3768 argumentorum
967 3688 1048 3750 serie
1063 3688 1144 3750 inter
1159 3706 1194 3748 se
1209 3705 1357 3747 connexa
1373 3706 1444 3766 pro·

189 3792 295 3858 bare«
343 3794 436 3856 Hanc
458 3792 697 3855 similitudinem
726 3793 767 3854 de
795 3814 854 3856 suo
884 3793 1089 3874 proposuerit
1118 3790 1311 3872 compilator
1338 3810 1378 3852 an
1414 3791 1445 3852 in

188 3896 287 3974 sonte,
310 3918 406 3977 quem
430 3900 608 3980 exscripsit,
630 3899 792 3969 invenerit,
816 3897 903 3959 haud
924 3899 992 3960 scio
1014 3918 1054 3959 an
1070 3918 1135 3959 non
1150 3896 1311 3958 diiudicari
1332 3896 1444 3975 possit,

188 4022 374 4082 quanquam
396 4004 495 4066 verba
517 4005 556 4065 τὰ
575 4027 632 4083 μεν
654 3999 706 4064 οὖν
732 4002 881 4082 λεχθέντα
909 4003 984 4083 πρὸς
1012 4005 1066 4082 τὴν
1093 4012 1148 4063 τοῦ
1178 4000 1356 4080 ζητουμένου
1376 4000 1446 4061 δια-

186 4107 333 4170 σύστασιν
357 4107 454 4190 ἔμοιγε
477 4112 657 4191 ἀποχρῶντα
673 4103 710 4188 ἦν
726 4108 807 4170 illius
822 4129 892 4170 esse
907 4110 1136 4183 contenderim,
1153 4129 1227 4170 cum
1241 4115 1388 4188 spectent
1403 4107 1445 4168 ad

188 4213 297 4288 verba,
321 4234 340 4276 a
363 4216 478 4294 quibus
500 4216 608 4296 incipit
630 4214 785 4294 quaestio,
809 4213 852 4275 illi
873 4213 1050 4276 tribuenda.
1074 4253 1113 4261 —
1136 4214 1205 4275 Iam
1222 4219 1448 4293 proponuntur

187 4319 253 4380 duo
275 4318 464 4400 syllogismi,
496 4321 551 4399 qui
580 4319 783 4401 pulcherrimi
811 4327 885 4381 sunt
915 4339 976 4382 nec
1005 4320 1091 4400 apud
1120 4337 1317 4399 quemquam
1347 4316 1446 4379 alium
