3276 5040
788 417 1001 478 ,4,-

260 571 330 634 vidi
348 570 406 652 (uti
429 569 523 645 solet,
556 589 591 632 se
613 570 719 652 ipsum
740 569 804 633 hoc
824 570 942 633 vidisse
964 567 1056 650 fingit
1078 569 1283 651 compilator)
1305 569 1436 634 ancillas
1459 590 1525 635 ser-

261 677 367 739 monis
389 676 548 738 suavitate
569 683 602 737 et
623 683 792 738 venustate
814 674 937 738 formae
959 675 1164 737 dominorum
1183 675 1308 737 animos
1322 695 1523 758 expugnare,

261 790 297 844 ut
318 780 395 843 nihil
419 780 461 843 illi
484 779 715 862 imperantibus
741 800 898 862 recusare,
929 778 1004 842 nihil
1035 797 1154 860 negare
1183 781 1347 845 auderent.
1392 781 1525 862 Σημεῖον

260 884 309 947 δέ·
332 886 563 969 θεραπεύωσιν,
587 883 776 961 ἱκετεύουσιν,
799 883 951 964 εὐμένειαν
973 884 1014 956 ὡς
1037 884 1120 966 παρὰ
1138 885 1231 965 τύχης
1252 886 1302 946 καλ
1317 886 1440 968 ἀγαθοῦ
1457 888 1523 949 δαί-

259 1014 349 1070 μονος
371 990 527 1063 αἰτεῖσθαι
548 989 699 1070 γλίχονται
723 990 773 1051 καὶ
795 988 1002 1073 παρορώμεναι
1023 987 1079 1068 μὲν
1100 985 1314 1078 σφαδάζουσιν,
1345 989 1369 1052 εἰ
1392 990 1425 1052 δὲ
1448 993 1525 1054 αὐτὸ

259 1096 352 1176 μόνον
380 1097 416 1157 τὸ
441 1094 564 1174 βλέμμα
583 1095 672 1156 ἵλεων
693 1094 866 1170 θεάσαιντο,
889 1094 1052 1177 γεγηθότες
1073 1097 1297 1178 δνορχοῦνται,<<
1341 1097 1468 1160 Eadem
1491 1107 1525 1161 et

260 1202 348 1283 apud
358 1201 545 1283 Epictetum
563 1201 765 1264 inveniuntur
784 1209 817 1263 et
833 1201 919 1282 apud
932 1199 1130 1276 Ciceronem,
1148 1202 1206 1264 nisi
1222 1201 1311 1281 quod
1329 1202 1380 1264 hic
1395 1222 1456 1284 pro
1471 1223 1523 1266 an-

266 1306 346 1369 cillis
368 1307 499 1369 omnino
522 1306 563 1369 de
584 1306 768 1369 mulieribus
792 1305 941 1386 loquitur,
963 1308 1051 1387 apud
1065 1306 1154 1369 illurn
1169 1307 1201 1368 in
1217 1306 1440 1371 dissertatione
1455 1309 1523 1392 περὶ

264 1410 445 1495 ἐλευθερίας,
470 1411 521 1478 lib.
544 1410 593 1472 IV
620 1427 645 1485 Ι,
673 1424 707 1491 15
733 1431 842 1492 seqq.:
875 1409 968 1473 ἐκεῖνο
987 1409 1023 1472 δέ
1041 1434 1093 1490 μοι
1115 1410 1193 1472 εἰπέ·
1217 1403 1348 1473 οὐδέποτ’
1379 1408 1522 1495 ἠράσθης

262 1516 360 1592 τινός,·
394 1518 429 1576 οὐ
450 1515 660 1597 παιδισκαρίου
667 1541 677 1592 ,·
709 1519 744 1577 οὐ
766 1517 887 1597 δούλους
910 1519 963 1578 οὐκ
985 1515 1164 1599 ἐλευθέρου,
1198 1517 1240 1577 Τί
1260 1511 1312 1578 οὖν
1333 1526 1423 1579 τοῦτο
1446 1520 1522 1601 πρδς

260 1623 295 1682 τὸ
317 1621 424 1682 δοῦλον
445 1615 521 1680 εἶναι
543 1619 562 1699 ἢ
584 1620 761 1703 ἐλεύθερον,
789 1616 939 1684 Οὐδέποθ
964 1623 1023 1682 ὑπὸ
1041 1631 1094 1700 τῆς
1109 1620 1258 1704 ἐρωμένης
1275 1616 1419 1707 λπετάγης
1434 1622 1523 1685 οὐδὲν

258 1719 301 1787 ὧν
323 1728 376 1788 οὐκ
398 1727 523 1805 η’θελες,·
553 1724 696 1788 οὐδέποτέ
715 1749 769 1789 σου
791 1729 826 1788 τὸ
849 1723 1005 1808 δουλάριον
1027 1721 1239 1803 ε’κολάκευσας,·
1272 1727 1408 1790 οὐδέποτ)
1431 1729 1520 1790 αἰτοῦ

257 1835 327 1904 τοὺς
349 1831 444 1903 πόδας
465 1831 686 1912 κατεφίλησας,·
700 1867 742 1877 -
767 1833 809 1893 Τί
828 1827 880 1893 οὖν
902 1833 975 1894 ἄλλο
996 1830 1058 1894 ἐστὶ
1081 1832 1219 1908 δουλεία,·
1241 1834 1362 1906 Νυκτὸς
1383 1832 1522 1895 οὐδέποτ’

259 1935 396 2016 ἀπῆλθες
418 1937 492 1996 ὅπου
514 1938 567 1996 οὐκ
586 1937 712 2015 ἤθελες,
734 1931 891 2009 ἄνδλωσας
913 1937 969 1998 ὅσα
985 1939 1038 1998 οὐκ
1054 1938 1180 2016 ἤθελες
1202 1932 1286 2011 εἶπάς
1300 1962 1368 2000 τινα
1384 1938 1522 2018 οἰμώζων

261 2044 310 2103 καὶ
334 2040 462 2117 στίνιυνς
498 2039 622 2120 η’νίσχου
651 2043 883 2125 λοιδορούμενος,
907 2040 1150 2120 ἀποκλειόμενος,·
1173 2078 1216 2090 ··-
1240 2061 1274 2106 21
1301 2040 1402 2120 τάλας,
1432 2044 1465 2117 ὅς
1490 2068 1522 2127 γε

261 2149 310 2208 καὶ
334 2146 547 2228 παιδισκαρίου
568 2146 673 2218 δοῦλος
695 2143 723 2208 εἶ
743 2150 792 2208 καὶ
814 2147 1025 2229 παιδισκαρίου
1048 2150 1192 2226 εὐτελοῦς,
1214 2149 1247 2210 τί
1267 2144 1319 2210 οὖν
1341 2147 1384 2210 ἔτι
1406 2150 1521 2212 σαυτὸν

259 2253 419 2335 ἐλεύθερον
445 2248 554 2333 λε’γεις,·
586 2253 673 2332 apud
695 2252 884 2316 Ciceronem
911 2255 942 2314 in
965 2255 1075 2334 parad.
1100 2254 1182 2316 Vc.
1206 2270 1240 2317 2:
1285 2255 1340 2316 An
1363 2255 1417 2318 ille
1440 2255 1519 2318 mihi

259 2356 347 2433 liber,
372 2357 421 2418 cui
446 2357 560 2418 mulier
582 2357 727 2437 imperat,
751 2360 800 2420 cui
822 2357 912 2439 leges
928 2357 1073 2439 imponit,
1090 2359 1286 2440 praescribit,
1303 2359 1400 2434 iubet,
1420 2369 1520 2437 vetat,

258 2462 347 2542 quod
364 2460 510 2524 videtur?
533 2461 587 2540 qui
602 2460 677 2523 nihil
694 2463 863 2544 imperanti
878 2482 996 2544 negare
1012 2473 1130 2544 potest,
1147 2465 1222 2527 nihil
1239 2485 1385 2528 recusare
1400 2465 1520 2529 audet?

257 2567 374 2640 Poscit,
399 2566 541 2628 dandum
564 2576 625 2629 est:
650 2577 756 2645 vocat,
778 2569 972 2631 veniendum
994 2578 1060 2645 est,
1091 2569 1173 2643 eicit,
1196 2570 1389 2646 abeundum,
1421 2573 1520 2634 mina·
1624 2596 1626 2599 ’

257 2680 318 2747 tur,
341 2672 629 2738 extimescendum.
667 2674 835 2736 Praeterea
858 2672 896 2735 cf.
920 2672 1032 2736 Senec.
1053 2692 1104 2754 ep.
1123 2690 1175 2755 47,
1197 2688 1244 2753 15.
1270 2709 1306 2720 -
1334 2675 1420 2737 »Nisi
1436 2674 1520 2739 sorte

257 2779 292 2849 is,
324 2779 377 2858 qui
408 2776 536 2839 leonem
564 2780 651 2853 emit,
681 2780 799 2842 idcirco
820 2778 969 2841 dominus
992 2780 1059 2840 eius
1082 2778 1293 2859 appellandus
1326 2789 1385 2854 est,
1420 2800 1519 2861 quem

261 2903 301 2945 ne
330 2882 495 2962 adspicere
526 2882 656 2961 quidem
687 2892 780 2946 torve
807 2882 944 2945 audeat?
981 2881 1068 2962 Quid
1098 2883 1214 2963 igitur?
1249 2884 1385 2967 sapienti
1411 2905 1520 2948 nonne

259 2988 401 3049 dicemus
423 2983 581 3048 difficilius
604 3007 675 3050 esse
697 2988 861 3069 iniungere
882 2988 1069 3050 servitutem
1092 3007 1190 3068 quam
1212 2988 1367 3064 leonibus,
1384 3011 1459 3052 cum
1475 2989 1518 3052 illi

259 3092 405 3174 corporis
428 3091 547 3155 viribus
570 3092 719 3165 nitantur,
743 3093 872 3173 sapiens
894 3094 990 3154 animi
1014 3093 1133 3154 nitatur
1153 3093 1272 3156 viribus
1294 3093 1418 3157 infracti
1428 3094 1456 3158 l«
1475 3128 1519 3143 -

256 3198 348 3261 Haec
375 3196 548 3272 conclusi0,
580 3199 728 3278 quamvis
758 3219 831 3260 cum
862 3198 916 3272 eis,
944 3218 1027 3277 quae
1049 3200 1250 3273 antecedunt,
1275 3201 1362 3279 quod
1386 3200 1519 3279 quidem

256 3305 297 3367 ad
319 3303 511 3366 sententiam
532 3302 655 3378 attinet,
679 3313 747 3365 arte
770 3302 997 3365 cohaereat-
1012 3322 1087 3363 nam
1108 3301 1160 3364 hic
1181 3303 1259 3365 item
1282 3305 1389 3382 agitur
1407 3305 1448 3367 de
1464 3324 1517 3379 e0,

258 3410 312 3490 qui
335 3429 394 3489 per
416 3407 506 3487 leges
528 3406 685 3470 humanas
708 3408 850 3469 servituti
876 3407 1038 3470 obno‘xius
1059 3426 1093 3468 re
1115 3421 1191 3471 vera
1213 3409 1334 3471 domini
1364 3409 1433 3491 ipse
1462 3410 1520 3471 do-

257 3515 361 3576 minus
384 3521 433 3574 est
459 3547 509 3586 -,
534 3513 642 3593 inepte
665 3522 774 3575 tamen
794 3532 814 3573 a
835 3511 1047 3592 compilatore
1073 3512 1222 3576 adiuncta
1249 3523 1309 3579 est.
1353 3514 1403 3577 Ita
1431 3514 1521 3576 enim

256 3621 297 3683 ad
320 3619 430 3681 leones
453 3617 573 3691 transit,
598 3619 690 3699 quasi
714 3617 775 3679 hac
797 3615 1001 3679 similitudine
1024 3637 1071 3692 ea,
1096 3636 1179 3697 quae
1201 3639 1298 3700 supra
1327 3619 1368 3682 de
1394 3618 1521 3682 ancillis

255 3726 405 3806 exposita
438 3732 528 3798 sunt,
564 3724 667 3805 magis
700 3721 910 3802 explicentur.
961 3721 1009 3783 At
1043 3742 1108 3785 non
1141 3725 1275 3788 ancillae
1308 3722 1519 3787 conferuntur

256 3829 411 3910 leonibus,
430 3830 487 3890 sed
510 3830 679 3911 sapientes,

340 3932 434 4014 Quae
463 3942 655 4013 sequuntur,
685 3933 851 4015 captiones
881 3941 970 4005 sunt,
1003 3931 1114 4013 quales
1136 3931 1320 3997 Stoicorum
1345 3933 1516 4015 disciplina

254 4060 382 4103 summo
405 4039 511 4102 studio
534 4038 804 4121 amplectebatur:
831 4037 1047 4100 »Libertatem
1069 4048 1187 4113 autem,
1210 4059 1294 4119 quae
1316 4040 1347 4101 in
1369 4040 1519 4121 sapiente

256 4156 314 4220 est,
338 4145 436 4209 etiam
458 4165 502 4207 ex
522 4144 590 4207 aliis
613 4145 688 4208 licet
710 4142 911 4225 intellegere:
935 4145 1041 4206 Nemo
1056 4165 1166 4206 servus
1180 4144 1295 4207 beatus
1310 4154 1369 4220 est,
1392 4146 1518 4227 quippe

257 4251 312 4331 qui
336 4250 451 4313 nullius
474 4250 518 4312 rei
539 4271 598 4312 nec
620 4250 667 4311 sui
690 4250 789 4331 ipsius
811 4269 947 4331 compos
963 4250 1011 4324 sit,
1036 4250 1162 4330 sapiens
1176 4259 1285 4312 autem
1300 4250 1425 4327 beatus,
1441 4270 1520 4313 cum

256 4356 372 4417 virtute
394 4355 567 4418 instructus
589 4355 631 4417 sit
651 4363 684 4418 et
704 4364 845 4428 ornatus,
876 4354 907 4416 in
932 4375 996 4436 qua
1018 4354 1125 4417 omnia
1155 4364 1229 4417 sunt
1258 4356 1373 4435 posita,
1404 4364 1440 4418 ut
1462 4375 1518 4418 ne-
