3276 5040
711 386 926 452 ,23-

188 539 303 621 singuli
324 541 382 603 viri
404 549 634 609 memorentur.
678 540 743 604 Sed
764 542 816 604 hic
837 542 928 615 ordo,
959 560 1056 622 quem
1078 541 1215 621 scriptor
1243 540 1369 617 indicat,
1399 543 1443 605 rei

188 645 248 727 ipsi
271 665 335 707 non
358 645 541 726 respondet,
564 666 638 708 cum
661 647 725 708 iam
747 654 822 708 ante
843 644 985 708 Essaeos
1004 645 1119 727 singuli
1141 646 1199 707 viri
1227 654 1327 708 testes
1356 648 1442 709 citati

187 751 259 827 sint,
289 758 416 832 septem
446 750 498 824 illi,
528 771 611 832 quos
634 749 768 813 Graecia
797 750 879 828 tulit,
910 751 1080 832 sapientes,
1111 759 1146 813 ut
1176 753 1355 814 necessario
1383 753 1443 815 iste

187 857 338 920 transitus
360 855 458 918 falsus
481 856 530 918 sit.
575 856 644 917 Iam
674 857 699 918 si
729 865 876 919 tenemus
905 866 979 918 ante
1001 855 1197 918 Essaeorum
1226 855 1442 920 laudationem

189 961 485 1044 Gymnosophistas
507 961 538 1022 in
561 961 744 1023 universum
766 970 964 1024 memoratos
987 980 1066 1036 esse,
1090 969 1166 1042 post
1187 980 1260 1023 eam
1275 959 1441 1038 Calanum‚

188 1068 243 1149 qui
270 1066 485 1129 nobilissimus
514 1075 564 1129 est
587 1063 876 1148 Gymnosophista,
909 1064 1034 1140 adferri,
1063 1065 1139 1147 quid
1166 1067 1371 1129 statuendum
1392 1069 1442 1144 sit,

188 1173 219 1234 in
249 1183 404 1253 promptu
433 1179 492 1233 est.
536 1171 648 1233 Essaei
677 1172 718 1234 ab
741 1170 970 1252 interpolatore
992 1170 1074 1232 inter
1096 1167 1390 1252 Gymnosophistas
1412 1183 1445 1236 et

189 1274 346 1339 Calanum
376 1276 555 1357 interpositi
585 1286 668 1350 sunt,
699 1276 740 1338 ad
771 1297 854 1358 quos
883 1296 957 1338 cum
983 1273 1123 1337 Calanus
1153 1276 1217 1338 iam
1243 1296 1308 1339 non
1332 1288 1444 1359 posset

188 1382 373 1463 simpliciter
395 1382 533 1464 adiungi,
557 1383 619 1444 isto
642 1364 775 1444 transitu
798 1401 873 1444 usus
895 1389 953 1443 est.

274 1485 339 1549 Sed
361 1487 491 1550 Iudaico
513 1488 577 1550 hoc
600 1486 692 1566 quasi
714 1484 787 1548 luco
811 1487 954 1568 quodam
976 1485 1123 1548 absterso
1146 1483 1280 1547 multum
1296 1487 1388 1549 abest
1409 1496 1445 1550 ut

188 1591 268 1653 liber
298 1592 422 1673 integer
450 1594 491 1655 sit
519 1602 552 1656 et
582 1592 691 1672 aliquo
715 1592 822 1655 modo'
837 1590 1007 1672 perfectuS,
1031 1591 1094 1671 qui,
1119 1598 1154 1653 ut
1175 1609 1272 1670 supra
1293 1591 1442 1669 diximus,

188 1696 298 1759 alienis
315 1717 333 1759 e
354 1696 441 1760 libris
456 1694 649 1778 compilatus
664 1705 723 1770 est,
747 1696 791 1758 ita
813 1706 931 1771 tamen,
955 1706 991 1758 ut
1010 1698 1147 1777 scriptor
1167 1716 1231 1757 uno
1253 1696 1335 1759 libro
1351 1699 1442 1777 quasi

187 1801 397 1865 fundamento
431 1820 507 1862 usus
537 1803 651 1880 pannis
679 1821 753 1863 eum
784 1800 911 1863 aliunde
944 1801 1123 1882 desumptis
1154 1802 1295 1864 vestiret.
1346 1784 1442 1866 Hunc

150 1957 153 1962 .
188 1908 284 1988 igitur.
311 1906 426 1969 librum
457 1916 612 1985 quantum
643 1925 816 1987 possumus
845 1909 1058 1979 restituamus,
1089 1927 1172 1988 quae
1199 1906 1240 1968 ab
1268 1925 1309 1968 eo
1339 1906 1442 1970 aliena

191 2014 262 2087 sint,
286 2031 444 2075 unacum
467 2010 503 2073 iis
523 2032 606 2092 quae
628 2011 821 2091 compilator
842 2012 883 2074 ad
906 2011 1030 2093 singula
1051 2011 1300 2092 conglutinanda
1322 2014 1363 2075 de
1384 2034 1444 2076 suo

190 2117 313 2180 addidit
333 2126 546 2190 removentes,
568 2117 599 2178 id
624 2118 711 2198 quod
733 2136 830 2198 supra
851 2119 882 2178 in
904 2117 1040 2179 Iudaicis
1061 2116 1140 2178 locis
1162 2115 1303 2180 lecimus.

273 2221 366 2284 Initio
388 2222 457 2285 libri
480 2224 618 2303 scriptor
640 2222 716 2283 dicit
738 2242 773 2284 se
795 2222 879 2283 hunc
900 2223 941 2284 de
962 2221 1123 2284 bonorum
1153 2221 1300 2285 libertate
1328 2221 1464 2287 librum

189 2328 362 2409 adiungere
385 2327 476 2402 libro,
500 2347 597 2409 quem
615 2329 657 2390 de
683 2326 842 2390 malorum
872 2329 1023 2389 servitute
1050 2327 1324 2409 composuissetll.
1369 2328 1443 2390 Hoc

188 2431 299 2495 fictum
316 2453 387 2495 esse
409 2453 507 2514 supra
528 2434 675 2507 vidimus,
697 2453 771 2494 cum
794 2433 874 2496 liber
895 2433 936 2494 de
959 2442 1096 2511 utroque
1118 2434 1286 2513 paradoxo
1306 2432 1364 2510 sit;
1386 2435 1444 2495 sed

187 2537 220 2599 id
250 2539 346 2600 etiam
377 2539 514 2600 vidimus
544 2557 724 2620 repugnare
754 2538 807 2600 illa
836 2536 935 2600 verba
963 2538 1023 2618 ipsi
1044 2538 1188 2612 exordio,
1211 2539 1331 2619 quippe
1354 2539 1442 2618 quod

187 2643 343 2705 eiusmodi
357 2645 407 2719 sit,
422 2652 456 2706 ut
472 2645 609 2707 duorum
625 2664 688 2705 una
703 2644 946 2724 paradoxorum
961 2642 1064 2722 possit
1075 2642 1244 2704 exordium
1256 2663 1327 2705 esse
1339 2663 1443 2723 neque

189 2768 267 2811 vero
298 2750 436 2812 alterius.
488 2750 606 2811 Postea
635 2750 730 2830 igitur
759 2751 801 2810 ad
830 2748 999 2810 exordium
1029 2748 1138 2809 addita
1165 2756 1251 2821 sunt,
1281 2749 1368 2830 quod
1399 2749 1445 2810 eis

188 2855 319 2918 remotis
348 2864 424 2936 apte
451 2863 484 2917 et
515 2854 647 2936 pulchre
675 2854 991 2936 aPythagoreorum
1009 2860 1185 2933 praecepto
1206 2853 1323 2933 incipit.
1367 2853 1444 2915 Ani·

188 2962 452 3023 madvertendum
483 2970 591 3022 autem
621 2969 670 3022 est
700 2961 774 3033 ista,
806 2978 888 3038 quae
917 2959 1120 3038 compilatori
1148 2959 1315 3020 tribuimus
1336 2959 1443 3032 verba,

188 3066 327 3129 Philonis
357 3065 482 3127 dicendi
512 3065 610 3128 moris
640 3064 799 3126 simillima
829 3083 909 3137 esse,
940 3065 994 3143 qui
1023 3065 1138 3126 eadem
1161 3065 1445 3145 consanguinitatis

190 3171 381 3253 metaphora
412 3191 487 3233 usus
517 3170 633 3233 librum
662 3171 703 3232 de
732 3168 930 3230 humanitate
959 3169 1001 3229 ad
1031 3169 1145 3230 librum
1175 3169 1215 3229 de
1243 3171 1363 3250 pietate
1392 3170 1443 3231 ad-

184 3273 305 3354 jungit:
337 3274 392 3353 τὴν
413 3274 447 3336 δὲ
468 3276 620 3352 εὐσεβείας
640 3272 873 3355 σογγενεστιίτην
894 3274 944 3333 καὶ
967 3273 1100 3356 ἀδεληὴν
1126 3273 1176 3333 καὶ
1203 3273 1328 3352 δίδυμον
1350 3272 1445 3346 ὄντας

188 3374 254 3458 ἑξῆς
272 3378 474 3458 ἐπισκεπτέον,
498 3379 741 3463 ριλανθρωιιιάν,
765 3379 879 3440 librum
903 3379 943 3440 de
965 3378 1083 3440 iustitia
1105 3379 1146 3440 ad
1168 3378 1284 3440 librum
1307 3380 1348 3441 (le
1371 3399 1443 3442 con-

187 3485 398 3565 cupiscentia:
436 3483 503 3565 ιιερὶ
531 3481 587 3561 μὲν
617 3479 669 3544 οὖν
699 3494 751 3563 τῆς
779 3484 951 3565 ἡγεμονίδος
972 3493 1033 3544 τῶν
1053 3485 1169 3564 ἀρετῶν
1191 3520 1206 3529 -
1229 3483 1344 3566 εἴρηται
1367 3483 1443 3567 πρό-

188 3611 289 3671 τερον,
322 3591 384 3649 νυνὶ
413 3573 449 3649 δὲ
481 3590 548 3671 περὶ
582 3597 636 3668 τῆς
668 3587 898 3669 ἐπιτηδευούσης
930 3590 1047 3671 ἀδελφὰ
1078 3591 1128 3648 καὶ
1158 3597 1282 3670 συγγενῆ
1319 3589 1444 3660 ταύταις

188 3694 378 3774 δικαιοσύνης
409 3694 544 3761 lentior:
590 3692 655 3756 Sed
685 3697 816 3756 omnino
846 3698 973 3776 saepius
1003 3703 1041 3756 ea
1071 3696 1183 3756 utitur:
1228 3693 1242 3754 I
1277 3694 1349 3774 376.
1373 3709 1443 3774 521.

188 3799 219 3860 ΙΙ
242 3800 312 3879 256.
347 3815 416 3877 310.
443 3814 511 3878 350.
534 3816 599 3876 414
619 3809 652 3862 et
675 3820 704 3862 c.
755 3799 845 3862 Haec
875 3809 983 3862 autem
1012 3800 1185 3861 similitudo
1214 3800 1317 3880 magis
1346 3800 1444 3861 etiam

274 3985 298 4053 ¹)
317 3987 433 4037 Similiter
450 3988 476 4036 in
494 3987 559 4036 libro
584 3990 649 4057 περὶ
674 3982 838 4056 ἀφθαρσίας
862 3983 978 4055 κόσμου,
1003 3987 1024 4035 si
1041 3988 1144 4053 quidem
1162 4004 1220 4037 eum
1238 4005 1294 4038 cum
1312 3988 1362 4036 hoc
1380 3987 1443 4036 tristi

137 4119 140 4124 ,
188 4091 266 4140 opere
280 4091 426 4140 comparare
448 4076 514 4134 licet,
540 4092 567 4125 se
589 4077 666 4126 habet
691 4093 740 4135 res,
768 4084 796 4126 ut
818 4077 925 4141 scriptor
947 4077 1021 4125 nobis
1047 4076 1177 4141 promittat
1199 4076 1299 4136 librum,
1320 4090 1441 4139 quorem

188 4163 267 4213 altera
285 4179 316 4213 ex
334 4171 404 4228 parte
422 4164 588 4213 illustraturus
606 4166 646 4225 sit,
667 4180 742 4229 quem
761 4165 860 4214 codices
877 4165 957 4214 nostri
975 4181 1028 4213 non
1052 4166 1187 4230 praebent,
1208 4179 1353 4228 quanquam
1370 4163 1443 4211 illuni

186 4251 279 4301 librum
301 4252 363 4301 nihil
387 4251 502 4317 impedit,
527 4254 663 4316 quominus
687 4254 713 4301 in
737 4252 820 4301 lucem
837 4253 960 4316 prodiisse
978 4261 1124 4313 statuamus,
1151 4253 1236 4317 itaque
1254 4252 1365 4316 Bernays
1384 4268 1442 4300 eum

188 4348 330 4403 temporum
349 4340 480 4404 iniquitate
498 4339 651 4390 intercidisse
670 4349 762 4390 censet.
