3276 5040
746 390 959 456 ,50-

223 549 310 623 dant,
343 567 383 608 ne
413 556 446 609 et
475 545 534 627 ipsi
562 548 645 610 vitiis
673 556 705 611 et
733 547 893 610 erroribus
916 546 1092 610 inficiantur
1102 547 1154 628 ¹).«
1184 582 1223 592 -
1244 545 1343 608 Priori
1366 564 1483 608 causae

225 654 428 735 respondent,
453 673 535 734 quac
559 652 683 717 Seneca
707 653 747 716 de
770 661 871 715 const.
888 651 981 714 Vllr
1009 652 1099 715 dicit:
1123 651 1198 714 Non
1214 660 1272 726 est,
1289 651 1378 733 quod
1393 650 1483 713 dicas

225 759 294 833 ista,
320 766 355 821 ut
376 756 471 832 soles,
493 758 578 821 hunc
601 760 779 840 sapientem
802 764 947 820 nostrum
971 777 1129 837 nusquam
1152 756 1291 819 inveniri.
1330 756 1405 818 Non
1427 754 1483 817 fin·

225 864 330 945 gimus
353 863 436 925 istud
459 863 589 926 humani
612 863 728 944 ingenii
758 883 875 924 vanum
903 863 1000 923 decus
1029 882 1087 924 nec
1117 863 1280 943 ingentem
1310 861 1483 944 imaginem

225 968 323 1031 falsae
347 967 391 1029 rei
413 969 621 1051 concipimus,
645 970 702 1030 sed
725 968 854 1049 qualem
877 965 1113 1040 confirmamus
1140 966 1344 1030 exhibuimus
1373 976 1406 1030 et
1428 988 1483 1030 ex·

224 1073 413 1146 hibebimus‚
430 1093 502 1136 raro
521 1073 652 1136 forsitan
668 1073 856 1155 magnisque
872 1081 1015 1135 aetatum
1029 1070 1202 1134 intervallis
1217 1093 1325 1136 unum.
1367 1073 1483 1154 Neque

224 1179 308 1242 enim
338 1195 457 1259 magna
485 1188 519 1243 et
548 1180 738 1243 excedentia
767 1178 897 1240 solitum
935 1198 972 1239 ac
1002 1177 1168 1259 vulgarem
1202 1180 1335 1242 modum
1368 1179 1484 1243 crebro

225 1287 406 1367 gignuntur.
430 1283 469 1346 cf.
493 1304 543 1365 ep.
566 1300 618 1362 42,
650 1301 674 1347 1.
700 1323 739 1332 —
761 1284 853 1346 Idem
875 1280 998 1344 Seneca
1020 1283 1148 1364 saepius
1175 1303 1234 1345 nos
1264 1285 1368 1359 docet,
1401 1285 1484 1366 sapi·

224 1391 305 1453 entis
327 1410 406 1465 esse,
430 1410 473 1452 ex
495 1389 662 1452 hominum
684 1388 823 1453 tumultu
847 1388 878 1449 in
900 1408 935 1450 se
958 1388 1062 1469 ipsum
1086 1389 1245 1464 recedere,
1269 1410 1309 1453 ne
1331 1389 1481 1453 vitiorum

226 1498 347 1577 impetu
371 1497 524 1559 obruatur
548 1497 588 1576 (e.
612 1514 659 1573 gr.
682 1515 733 1575 ep.
758 1496 799 1576 7),
831 1501 863 1556 et
890 1493 920 1554 in
943 1493 1057 1556 eadem
1083 1494 1241 1557 sententia
1269 1503 1319 1558 est
1340 1495 1483 1559 Platonis

226 1603 266 1664 R.
289 1602 321 1666 P.
346 1601 398 1666 lib.
421 1623 444 1674 ς,
469 1621 539 1681 cap.
564 1599 603 1661 X.
651 1597 825 1659 »Nostrum
854 1608 962 1661 autem
993 1609 1078 1662 esset
1108 1599 1247 1662 latebras
1278 1599 1405 1663 illorum
1439 1601 1483 1663 in·

225 1708 384 1789 vestigare
415 1726 536 1786 eosque
567 1703 748 1785 implorare,
777 1712 811 1765 ut
844 1725 903 1766 nos
933 1705 973 1766 ad
996 1705 1098 1768 bonas
1120 1704 1228 1787 srugcs
1251 1707 1438 1769 reducerent
1447 1706 1483 1789 λ).

223 1812 317 1875 Nunc
336 1832 413 1874 vero
436 1820 569 1895 propter
591 1808 745 1892 pecuniae
768 1808 954 1871 aviditatem
977 1810 1099 1873 nullum
1122 1831 1226 1892 neque
1248 1819 1352 1874 terrae
1375 1831 1481 1892 neque

225 1918 321 1981 maris
345 1916 499 1999 angulum
522 1938 586 1980 non
609 1914 821 1997 perquirimus
852 1922 883 1976 et
904 1935 941 1987 c.,
972 1916 1146 1997 sapientiae
1176 1926 1285 1981 autem
1313 1925 1369 1980 aut
1398 1915 1484 1981 sorti·

225 2024 342 2088 tudinis
372 2031 427 2086 aut
456 2023 592 2086 iustitiae
623 2029 679 2083 aut
706 2020 938 2101 temperantiae
972 2041 1068 2084 causa
1098 2023 1128 2102 (i.
1153 2043 1180 2086 e.
1204 2023 1310 2087 bonos
1333 2022 1420 2086 viros
1447 2030 1484 2085 ut

226 2150 427 2211 quaeramus,
453 2149 473 2192 a
496 2128 611 2210 quibus
633 2126 714 2188 haec
735 2125 907 2205 discamus)
930 2147 1026 2189 nemo
1049 2135 1167 2190 terram
1188 2149 1228 2192 ne
1250 2128 1395 2211 perviam
1418 2127 1482 2209 qui-

224 2236 302 2319 dem
318 2243 479 2316 peragrat,
503 2254 599 2296 nemo
623 2251 710 2292 mare
731 2229 906 2310 ingreditur
928 2233 1076 2295 omnibus
1106 2233 1180 2295 anni
1205 2233 1406 2316 temporibus
1431 2253 1483 2296 na-

225 2340 316 2403 vibus
339 2339 497 2421 repletum
506 2338 542 2420 ⁸).
580 2338 693 2418 ltaque
715 2334 874 2411 divitibus,
893 2336 1026 2413 inclutis,
1045 2338 1231 2421 voluptariis
1246 2360 1335 2403 mare
1350 2347 1383 2402 et
1398 2347 1484 2401 terra

226 2444 350 2521 referta,
374 2443 552 2527 proborum
575 2453 683 2506 autem
705 2461 808 2523 genus
830 2440 1051 2506 rarissimum«
1105 2444 1226 2509 Similia
1248 2448 1288 2508 de
1316 2444 1486 2507 hominum

225 2552 332 2632 pravis
354 2551 465 2612 studiis
488 2549 576 2630 apud
598 2548 765 2610 Philonem
786 2547 827 2609 de
849 2547 940 2627 migr.
963 2546 1044 2611 Abr.
1069 2549 1182 2631 1470:
1206 2549 1343 2632 Λίγουσι
1356 2558 1428 2632 γοῦν
1444 2546 1485 2622 ὥς

226 2656 307 2718 ἔστιν
328 2656 439 2715 ἄτοπον
461 2652 608 2736 ἐμπόρους
628 2652 685 2734 μὲν
706 2654 756 2714 καὶ
777 2653 928 2732 καπήλους
945 2653 1093 2736 γλίσχρων
1115 2652 1198 2715 ἕνεκα
1224 2657 1339 2738 κερδῶν
1361 2655 1486 2733 διαβαί-

226 2784 286 2822 νειν
300 2762 339 2821 τὰ
361 2760 475 2842 πελάγη
498 2760 547 2820 καὶ
570 2760 625 2839 τήν
647 2757 821 2840 οίκουμίνην
841 2759 871 2818 ἓν
893 2759 991 2841 κύκλῳ
1013 2759 1157 2842 περιιίναι
1177 2761 1298 2824 ἅπασαν
1318 2761 1361 2843 μή
1384 2757 1487 2842 θίρος,

225 2867 269 2947 μή
288 2874 434 2945 χειμῶνα,
454 2865 497 2944 μή
520 2865 676 2943 πνεύματα
698 2866 785 2943 βίαια
809 2901 848 2910 -
871 2865 915 2943 μή
937 2872 998 2925 τῶν
1023 2866 1122 2927 ἄλλων
1144 2867 1243 2929 ὁτιοῦν
1257 2867 1388 2939 συνόλως
1408 2864 1487 2948 μίγα

228 2971 246 3052 ἢ
267 2972 377 3054 μικρὸν
406 2971 545 3049 ε’μποιλὼν
572 2969 764 3049 τιθεμένους·
795 2978 849 3030 τοῦ
878 2967 910 3029 δὲ
935 2971 1094 3032 καλλίστου
1124 2973 1173 3033 καὶ
1202 2972 1408 3054 περιμαχήτου
1433 2972 1485 3032 καὶ

225 3075 309 3161 μόνῳ
337 3078 381 3160 τῷ
409 3075 484 3157 γίνει
514 3083 576 3136 τῶν
604 3075 779 3157 ἀνθρώπων
809 3073 1001 3152 οίκειοτίιτου,
1025 3076 1141 3159 σοφίας,
1170 3079 1213 3158 μή
1236 3079 1300 3157 οὐχὶ
1323 3076 1487 3139 θάλατταν

226 3181 281 3262 μὲν
296 3181 417 3244 ἅπασαν
431 3185 643 3264 περαιοῦσθαι,
660 3180 759 3241 πάντα
775 3178 807 3240 (λε’
818 3188 872 3262 γῆς
885 3181 983 3259 μυχὸν
999 3180 1190 3265 ἐπέρχεσθαι,
1204 3187 1485 3265 φιλοπευστοῦντας,

227 3287 258 3349 εί
272 3311 330 3348 που
351 3311 381 3347 τι
404 3286 496 3348 καλόν
517 3287 597 3349 ἐστιν
620 3288 692 3348 ἰδεῖν
713 3285 732 3367 ή
754 3288 881 3347 ἀκοῦσαι
907 3286 956 3346 καὶ
978 3288 1055 3365 μετὰ
1077 3290 1209 3369 σπουδῆς
1230 3290 1280 3349 καὶ
1309 3288 1486 3373 προθυμίας

227 3402 281 3471 τῆς
300 3392 397 3471 πάσης
421 3394 598 3472 ι’χνήλατεῖν,
621 3395 708 3475 ἄχρις
730 3390 767 3452 ἂν
789 3389 939 3472 ἐγγίνηται
962 3401 1023 3452 τῶν
1047 3391 1233 3473 ζήτουμίνευν
1258 3396 1308 3456 καὶ
1329 3392 1485 3474 ποθουμέ-

228 3521 286 3557 νοιν
306 3499 347 3569 εἰς
369 3496 536 3559 ἀπόλαυσιν
558 3499 668 3559 ἐλθεῖν.
713 3497 854 3559 Aliunde
876 3518 911 3559 se
934 3498 1013 3560 haec
1035 3508 1215 3562 mutuatum
1241 3520 1312 3562 esse
1342 3500 1411 3581 ipse
1442 3500 1485 3564 in·

227 3603 344 3666 dicavit
372 3602 472 3664 verbo
504 3601 618 3684 λέγουσι
627 3605 669 3683 4),
701 3602 825 3664 videtur
852 3611 960 3665 autem
990 3624 1033 3666 ex
1055 3602 1166 3667 Stoico
1196 3604 1305 3687 aliquo
1326 3604 1408 3669 libro
1430 3605 1483 3668 de·

314 3831 337 3897 1)
355 3827 391 3891 ὠς
408 3829 447 3902 μὴ
465 3833 498 3905 τῇ
517 3830 589 3905 ῥύμῃ
609 3837 654 3898 τῆς
678 3835 776 3905 φορᾶς,
799 3828 929 3903 καθάπερ
953 3828 1009 3884 ἀπὸ
1033 3832 1100 3897 (ὑπὸ
1123 3833 1296 3903 scribendum)
1323 3831 1482 3908 χειμάρρου

227 3928 290 3989 βίας
310 3923 506 3990 κατασυρήναι.

313 4009 336 4076 ²)
355 4006 420 4062 ἄντί
445 4011 572 4080 πολέμου
599 4040 630 4046 -
657 4007 768 4081 εἰρήνην
794 4039 826 4046 -
854 4012 900 4061 καὶ
927 4005 975 4075 τήν
1001 4016 1057 4064 τῶν
1085 4006 1176 4064 ι’ίλλιυν
1197 4008 1317 4082 ἀγαθῶν
1338 4012 1486 4082 ἀφθονίαν

229 4104 445 4171 περιρρεομένην
464 4099 679 4167 ἐπαγγείλαντες
696 4101 839 4149 Wilamow.
859 4096 939 4167 ιίπιιχ
958 4130 980 4138 -
1001 4102 1075 4151 codd.

316 4187 340 4253 ³)
360 4184 393 4241 τὰ
411 4183 474 4238 καθ’
495 4181 612 4252 ἑκάστην
631 4182 705 4256 ὤραν
723 4194 774 4240 τοῦ
792 4189 869 4248 ἔτους
883 4183 1048 4256 ναυκλήροις
1071 4183 1256 4260 ίκπλεόμενατ
1287 4191 1382 4243 ἔπιπλ.
1401 4192 1485 4242 Wila·

229 4276 374 4325 mowitzius.

312 4360 335 4427 4)
353 4364 423 4430 quod
441 4365 583 4430 Mangeyus
600 4364 670 4414 nulla
688 4365 833 4423 necessitate
853 4366 878 4415 iu
899 4367 1006 4435 λογίσαι
1029 4368 1119 4418 mutari
1136 4367 1199 4416 vult.
