3276 5040
761 396 966 461 „54-

234 570 310 617 num
342 564 411 617 tum
446 553 688 635 cupiditatum«,
719 570 802 632 quae
835 572 885 613 res
915 551 1072 632 Diogenis
1101 549 1204 614 facete
1232 551 1274 614 de
1304 551 1371 612 eius
1400 548 1491 611 modi

234 658 365 723 homine
387 659 474 722 dicto
498 659 680 730 illustratur,
705 655 802 735 quod,
826 666 980 737 quantum
1004 658 1080 731 scio,
1104 656 1167 718 hoc
1189 677 1253 719 uno
1275 656 1348 718 loco
1372 663 1490 717 exstat.

233 803 275 810 -
291 765 419 827 Eodem
435 773 543 826 autem
558 769 750 844 argumento
766 761 863 824 utitur
876 763 1044 844 Epictetus
1059 761 1107 823 IV
1129 778 1152 834 t,
1170 776 1209 839 33
1226 780 1334 841 seqq:
1354 747 1398 822 ⁰0
1419 759 1492 821 δοῦ-

234 875 283 942 λος
306 873 405 942 εὐθὺς
422 871 539 948 είίχεται
563 871 717 951 ἀφεθῆναι
734 863 900 947 ἐλεύθερος,
938 867 999 928 Διὰ
1014 867 1046 927 τί
1051 891 1060 941 ,·
1084 905 1123 913 -
1139 866 1185 926 ότι
1201 865 1383 946 φαντάζεται
1400 863 1491 949 μέχρι

233 985 288 1036 τοῦ
308 985 369 1050 νῦν,
392 975 493 1035 διὰτὸ
513 976 556 1054 μὴ
579 969 769 1051 τετυχηκέναι
792 972 910 1048 τούτου,
935 971 1151 1052 ἐμποδίζεσθαι
1175 972 1224 1031 καὶ
1246 973 1391 1055 δυσροεῖν,
1440 966 1494 1034 Ἂν

234 1083 355 1163 ἀφεθῶ,
379 1102 478 1163 φησιν,
502 1083 597 1152 εὐθὺς
618 1091 700 1143 πᾶσα
722 1082 832 1163 εόροια,
857 1079 975 1150 οὐδενὸς
998 1077 1224 1160 ε’πιστρίφομαι,
1253 1087 1344 1138 πᾶσιν
1365 1077 1407 1150 ὡς
1429 1075 1494 1149 ἴσος

234 1187 283 1246 καὶ
306 1187 406 1265 ὅμοιος
428 1189 509 1270 λαλῷ
536 1223 587 1246 -.
608 1183 688 1249 Εἶτα
710 1185 977 1270 ἀπηλευθίραπαι·
999 1184 1048 1243 καὶ
1072 1186 1165 1254 εὐθὺς
1185 1181 1242 1261 μὲν
1263 1185 1317 1244 οὐκ
1339 1181 1414 1261 ἔχων
1437 1189 1495 1242 ποῖ

235 1292 317 1375 φάγῃ
340 1292 424 1372 ζητεῖ
438 1315 506 1352 τινα
529 1295 699 1355 κολακεόσει
729 1332 769 1339 -
799 1291 818 1372 ἢ
841 1292 890 1352 καὶ
921 1290 1088 1373 εὐπορήσας
1110 1289 1273 1369 ἄνθρωπος
1296 1288 1494 1370 ἀπειρόκαλος
1551 1270 1554 1276 ¹

237 1398 381 1480 πεφίληκε
404 1398 613 1481 παιδισκάριον
634 1400 684 1459 καὶ
707 1399 865 1477 δυστυχῶν
884 1390 1076 1459 ιἰνακλαίεται
1099 1395 1148 1454 καί
1171 1394 1226 1474 τὴν
1247 1394 1384 1455 δουλείαν
1400 1396 1495 1454 ποθεῖ

235 1527 262 1566 κ.
278 1526 306 1564 τ.
322 1507 350 1564 λ.
394 1512 568 1584 praeterea
591 1503 714 1567 adferre
737 1504 831 1566 liceat
852 1503 966 1569 Horat.
990 1511 1048 1563 sat.
1072 1501 1111 1561 ΙΙ.
1135 1515 1164 1581 7,
1188 1514 1227 1581 75
1252 1519 1358 1583 seqq:

401 1629 494 1691 Tune
517 1631 593 1691 mihi
616 1631 774 1704 dominus,
799 1649 904 1690 rerum
920 1628 1059 1709 imperiis
1075 1627 1305 1708 hominumque

402 1733 469 1795 Tot
491 1735 652 1814 tantisque
674 1735 786 1808 minor,
810 1755 907 1816 quem
929 1743 979 1796 ter
1000 1734 1138 1795 vindicta
1161 1741 1339 1813 quaterque

365 1907 367 1911 ,
402 1839 558 1920 Imposita
580 1840 666 1902 haud
688 1859 843 1920 umquam
866 1840 981 1901 misera
1003 1837 1170 1900 formidine
1191 1837 1315 1919 privet?

320 1966 388 2027 Iam
412 1985 452 2025 eo
476 1975 665 2045 perventum
689 1976 748 2041 est,
770 1975 804 2028 ut
827 1965 991 2046 epilogum
1025 1984 1171 2026 enarrare
1197 1963 1368 2045 possimus,
1396 1982 1495 2043 quem

236 2080 304 2133 arte
328 2091 401 2133 cum
425 2070 512 2132 initio
542 2073 737 2150 quaestionis
764 2071 937 2134 cohaerere
967 2091 1062 2131 nemo
1086 2090 1149 2131 non
1179 2069 1280 2131 videt:
1315 2067 1495 2150 »Neglectis

238 2177 333 2258 igitur
355 2176 445 2237 vanis
466 2175 554 2257 vulgi
577 2177 736 2239 erroribus
758 2197 863 2257 neque
878 2176 1008 2250 civibus
1033 2175 1086 2257 qui
1102 2177 1313 2250 nominantur,
1331 2176 1495 2236 civitatem

236 2291 291 2344 aut
320 2282 501 2344 libertatem
530 2282 723 2356 tribuamus,
762 2303 866 2363 neque
901 2282 1006 2343 vernis
1036 2290 1091 2343 aut
1120 2282 1278 2363 empticiis
1307 2280 1495 2342 servitutem

237 2388 289 2469 (cs.
312 2409 344 2469 p.
366 2396 447 2466 448:
478 2384 631 2458 ἀνελόντες
657 2383 709 2448 οὖν
737 2387 870 2448 ε’κποδὼν
892 2389 946 2459 τὰς
975 2388 1213 2469 προφασιστικιλς
1242 2385 1415 2469 ἐλευθερίας
1444 2385 1494 2444 καὶ

235 2495 274 2553 τὰ
289 2495 406 2575 φόσειυς
420 2490 475 2571 μίν
490 2490 642 2574 ἀλλότρια,
670 2493 756 2573 δόξης
778 2491 811 2554 δὲ
833 2491 984 2575 ἠρτημένα
1007 2491 1141 2571 ὀνόματα
1164 2492 1342 2575 οἰκοτρίβων
1363 2489 1382 2571 ἢ
1402 2485 1495 2574 ἀργυ-

237 2600 377 2682 ρωνήτων
399 2596 418 2677 ἢ
440 2596 642 2676 αἰχμαλώτων
662 2622 688 2658 κ.
707 2622 733 2659 τ.
749 2598 791 2674 λ.)
813 2600 870 2660 sed
893 2619 1007 2672 rerum,
1031 2619 1115 2679 quae
1136 2598 1176 2659 ad
1192 2619 1310 2679 corpus
1325 2597 1495 2678 pertinent,

238 2705 323 2767 nulla
347 2706 469 2766 ratione
493 2704 601 2765 habita
624 2706 668 2785 (p.
691 2719 764 2784 447.
789 2705 807 2783 ἡ
830 2702 886 2781 μίν
914 2704 971 2785 γὰρ
1004 2703 1182 2786 [ἐλευθερία]
1212 2701 1316 2764 ἀδειάν
1344 2701 1496 2781 σωμάτων

236 2808 443 2891 ἀπεργάζεται,
465 2807 534 2887 ἡδὲ
555 2832 582 2875 κ.
598 2831 625 2869 τ.
641 2812 667 2871 λ.
693 2850 741 2870 -.
766 2810 800 2869 τὸ
822 2807 877 2888 μὲν
899 2803 951 2869 σόν
973 2809 1117 2891 πρότερον
1138 2807 1206 2870 οὐδὲ
1222 2803 1262 2880 εἷς
1285 2809 1376 2890 ζητεῖ)
1399 2806 1496 2870 animi

238 2925 385 2978 naturam
417 2923 661 2996 perscrutemur.
717 2915 802 2976 Nam
831 2915 857 2975 si
886 2915 956 2993 quis
986 2915 1144 2996 voluptati
1171 2915 1333 2977 obnoxius
1361 2923 1411 2977 est
1440 2922 1496 2976 aut

236 3021 374 3083 laetitiae
400 3029 455 3081 aut
480 3021 579 3082 metui
602 3029 658 3082 aut
680 3019 869 3099 aegritudini
893 3023 937 3100 (p.
958 3022 1038 3096 448:
1061 3017 1127 3081 ἀλλ’
1151 3019 1231 3081 ἔστιν
1252 3021 1271 3099 ἡ
1291 3017 1399 3099 σκίφις
1427 3019 1496 3102 περὶ

180 3139 185 3144 “
237 3125 365 3208 τρόπων,
381 3124 431 3196 οός
447 3116 508 3186 οὐτ’
536 3123 696 3204 ἐπιθυμίαι
713 3125 779 3185 οότε
796 3124 885 3206 φόβοι
902 3123 973 3185 οὔθ’
989 3125 1092 3205 ἡδοναὶ
1110 3127 1177 3186 οίίτε
1191 3126 1282 3186 λύπαι
1297 3123 1495 3206 κατίζευξαν),

237 3253 347 3294 servus
369 3242 427 3305 est,
451 3232 505 3310 qui
527 3251 605 3292 vero
635 3232 803 3293 virtutibus
832 3231 908 3291 vitia
936 3229 1128 3311 profligavit,
1157 3241 1285 3313 praeter
1313 3233 1496 3295 libertatem

237 3339 334 3399 etiam
364 3337 531 3417 imperium
560 3345 610 3398 est
638 3345 803 3398 assecutus
832 3335 871 3417 (εἰ
892 3333 926 3395 δὲ
945 3336 1085 3418 φρονήσει
1111 3335 1167 3416 μὲν
1195 3331 1343 3417 ιἰμαθιάν,
1373 3358 1496 3420 σωφρο-

237 3443 312 3526 σύνῃ
335 3440 368 3503 δδ
389 3439 560 3514 α’κολασίαν,
584 3441 697 3502 δειλίαν
719 3440 752 3501 δὲ
774 3435 879 3527 ἀνδρίᾳ
895 3441 944 3500 καὶ
963 3443 1131 3514 πλεονεξίαν
1145 3444 1318 3526 δικαιοσύνῃ
1337 3441 1497 3524 κατηγωνί-

238 3568 331 3610 navo:
366 3557 519 3628 quattuor
539 3548 672 3608 virtutes
696 3557 862 3628 praeterea
885 3567 916 3627 p.
939 3548 1003 3626 456
1025 3559 1267 3611 enumerantur:
1302 3569 1376 3611 nam
1407 3548 1498 3628 quod

239 3655 336 3716 etiam
373 3674 404 3734 p.
438 3666 501 3733 457
539 3653 755 3726 inveniuntur,
798 3652 1000 3733 compilatori
1039 3653 1126 3715 illum
1164 3654 1272 3717 locum
1309 3653 1495 3715 tribuimus:

124 3775 126 3779 ·
240 3767 393 3838 quattuor
420 3758 496 3819 vitia
525 3779 556 3839 p.
579 3756 721 3840 454i55).
776 3757 844 3820 Eos
871 3767 996 3827 autem.
1031 3760 1085 3838 qui
1116 3780 1219 3841 neque
1249 3759 1403 3822 libertatis
1432 3758 1496 3820 iam

240 3874 313 3926 sunt
336 3863 508 3944 participes
531 3883 635 3944 neque
658 3864 809 3925 servitute
832 3864 988 3944 oppressi,
1018 3864 1155 3944 primum
1187 3887 1244 3945 pro
1274 3865 1357 3928 lacte
1375 3865 1498 3927 teneris

241 3969 329 4043 cibis,
358 3967 520 4050 ἐγκυκλιόις
541 3968 724 4049 disciplinis
748 3969 820 4030 dein
842 3969 1041 4050 gravioribus
1068 3971 1192 4032 virtutis
1221 3971 1401 4051 praeceptis
1430 3992 1498 4034 eru·

239 4075 365 4136 diamus
374 4075 411 4157 ¹),
436 4082 470 4137 ut
493 4074 679 4154 perveniant
701 4075 742 4135 ad
766 4094 927 4136 summum
950 4075 1047 4136 tinem
1069 4096 1088 4136 a
1110 4074 1241 4138 Zenone
1264 4086 1431 4157 tamquam
1454 4098 1499 4140 ex

243 4180 374 4242 oraculo
397 4180 527 4254 editum,
555 4179 608 4259 qui
633 4188 682 4241 est
704 4189 836 4241 naturae
858 4182 1085 4243 convenienter
1108 4184 1243 4243 vivere«
1269 4218 1311 4228 —
1334 4178 1434 4262 Quod
1455 4184 1499 4246 ad

325 4370 348 4439 ¹)
367 4375 604 4443 τιθηνοκομητέον
624 4367 821 4431 ἐπιτάττοντας
836 4373 943 4439 (iarun
962 4401 995 4409 -
1014 4372 1105 4438 vulgo)
1124 4374 1343 4426 Wilamowitzins.
