3276 5040
711 350 922 411 „18-

186 529 349 582 currentes
379 519 578 601 collegimus
611 539 678 580 rem
709 517 888 581 confectam
912 537 982 580 esse
1003 537 1067 580 non
1086 537 1182 580 ausus
1204 519 1264 579 sim
1286 516 1440 599 profiteri,
1523 592 1525 596 ,

186 626 243 687 sed
263 624 306 687 illi
329 644 459 706 quoque
481 626 678 687 accuratiore
701 624 889 703 quaestione
911 629 1016 702 egent.

270 729 340 791 Iam
369 737 477 791 autem
506 729 548 790 ad
578 728 662 791 hunc
692 729 806 791 librum
835 728 1005 789 redeuntes
1032 727 1333 807 circumspiciamus,
1357 748 1441 809 quae

186 842 352 915 praeterea
383 855 402 895 a
431 832 564 896 Philone
593 834 696 896 aliena
726 834 798 897 sint.
851 831 1053 895 Offendimus
1090 832 1185 912 igitur
1221 831 1252 894 in
1282 832 1441 896 adiectivo

186 936 345 1020 λεωφόρος,
369 938 457 1017 quod
479 936 542 1003 hoc
564 938 595 999 in
612 938 694 1001 libro
709 957 841 1020 prorsus
855 937 1049 999 contrarium
1064 938 1095 998 in
1110 937 1243 999 modum
1260 948 1440 1019 usurpatur,

188 1052 285 1124 atque
308 1044 360 1105 ille
383 1063 422 1105 eo
438 1043 546 1109 utitur.
583 1043 645 1106 Hic
660 1042 744 1105 enim
761 1043 803 1124 (p.
818 1043 894 1122 445)
911 1042 996 1104 idem
1012 1039 1178 1122 significat,
1196 1043 1284 1122 quod
1299 1042 1444 1124 δημώδης

185 1149 235 1209 καὶ
258 1145 472 1227 πεποτημένος,
495 1167 578 1228 quae
600 1167 677 1210 vera
699 1147 765 1207 eius
788 1148 836 1208 vis
858 1155 915 1221 est,
940 1155 972 1209 et
997 1144 1160 1228 λειοφόροις
1173 1145 1253 1218 όιλόΐς
1267 1150 1443 1229 opponitur

188 1254 323 1334 ἀτραπός
351 1254 466 1328 όβοτος
496 1250 646 1328 λόιιότοις,
679 1251 710 1313 id
739 1259 789 1313 est
821 1251 1046 1333 philosophiae
1075 1252 1135 1313 via.
1179 1251 1302 1314 Philoni
1332 1261 1442 1315 autem

188 1358 333 1441 λεωφόροι
356 1357 418 1418 tuot
442 1379 485 1420 ex
500 1358 660 1420 contrario
675 1376 733 1418 eae
748 1365 830 1430 sunt,
855 1357 970 1437 quibus
984 1355 1170 1438 philosophi
1186 1356 1441 1438 proficiscuntur,

187 1484 270 1544 quae
299 1464 341 1526 ad
370 1462 495 1526 caelum
524 1463 654 1535 ducunt,
683 1461 741 1523 viis
771 1463 893 1544 asperis
923 1482 961 1524 ac
983 1461 1163 1535 salebrosis,
1188 1461 1303 1542 quibus
1325 1462 1442 1545 vulgus

187 1568 412 1650 proficiscitur,
431 1568 630 1648 oppositae:
664 1567 678 1628 I
706 1567 787 1640 16,I
812 1584 851 1645 34
881 1561 1023 1644 ἑπόμενος
1051 1568 1134 1650 αὐτῷ
1165 1567 1222 1651 (τρῖ
1240 1568 1343 1649 πατρὶ)
1373 1566 1443 1629 κατ’

187 1673 266 1752 Ξχνος
293 1681 361 1744 ταῖς
382 1672 471 1751 όόόἴς,
501 1670 537 1743 ἃς
558 1671 600 1743 ὡς
621 1670 791 1753 λεωφόρους
812 1671 1027 1750 ἀνατέμνουσιν
1048 1671 1163 1753 ἀρεταί,
1207 1673 1221 1734 Ι
1248 1689 1321 1754 137:
1336 1667 1443 1753 Ἤρξω

186 1815 228 1824 -
249 1778 310 1838 ant
331 1787 393 1839 τῶν
415 1774 625 1859 φθειρομένων
645 1784 699 1857 γῆς
720 1777 879 1856 σωμάτιον,
900 1777 1085 1857 τελευτήσεις
1107 1776 1139 1838 de*
1161 1776 1251 1838 πόλιν
1273 1778 1314 1850 εἷς
1335 1775 1442 1854 ἐκεῖνα,

187 1884 242 1962 τὴν
268 1885 382 1962 μεταξὺ
411 1891 465 1942 τοῦ
485 1881 554 1960 βιόυ
583 1882 698 1963 τρίψας
725 1882 796 1943 ὁόὸν
822 1885 857 1944 οὐ
885 1882 1046 1966 λεωφόρον,
1069 1883 1147 1942 ἀλλὰ
1167 1891 1317 1964 τραχεῖαν,
1339 1882 1445 1961 βάτων

187 1989 235 2048 καὶ
258 1987 407 2069 τριβόλων
428 1995 540 2048 κεντεῖν
561 2011 593 2048 τε
616 1988 665 2048 καὶ
688 1986 863 2068 τιτρώσκειν
885 1987 1062 2070 πεφυκότων
1080 1989 1203 2068 μεστήν,
1237 1990 1251 2051 Ι
1274 2006 1345 2068 232.
1371 2006 1443 2067 244.

189 2105 259 2171 255·
290 2109 361 2172 294·
386 2093 456 2172 316-
479 2108 553 2174 407·
580 2094 654 2169 482-
687 2106 757 2172 523·
801 2094 830 2155 n
862 2110 890 2157 2·
913 2108 964 2173 39·
992 2094 1060 2158 188·
1083 2109 1153 2172 330-
1180 2095 1250 2172 346·
1274 2095 1346 2173 364·
1370 2097 1442 2174 383,

188 2198 303 2277 quibus
329 2218 348 2260 e
374 2197 453 2260 locis
479 2206 624 2279 apparet,
647 2196 771 2260 Philoni
793 2196 964 2279 λεωφόρους
985 2197 1073 2268 elohe
1095 2218 1159 2261 non
1182 2219 1237 2272 eas
1252 2219 1332 2274 esse,
1358 2220 1443 2281 quae

185 2302 258 2363 λαόν
278 2304 410 2385 φέρουσι,
433 2303 491 2364 sed
514 2322 596 2384 quae
618 2302 703 2374 λείοις
725 2301 874 2384 φέρουσιν.

270 2409 448 2481 Postremo,
472 2416 508 2469 ut
525 2428 568 2469 ex
591 2428 625 2469 re
646 2408 716 2488 ipsa
730 2416 956 2489 argumentum
971 2407 1135 2480 ducamus,
1158 2405 1284 2471 aliaest
1300 2408 1441 2484 libertas,

186 2532 284 2592 quam
296 2513 386 2574 Philo
403 2512 539 2593 sapienti
553 2511 671 2587 tribuit,
688 2512 758 2587 alia,
773 2533 857 2593 quae
873 2513 924 2576 hic
942 2514 983 2575 de
1002 2533 1042 2575 eo
1059 2513 1270 2593 praedicatur.
1305 2512 1442 2596 Sapiens

188 2618 282 2692 enim,
314 2617 368 2697 qui
396 2617 448 2679 hic
475 2618 641 2694 inducitur,
672 2616 856 2681 Stoicorum
881 2617 1008 2699 sapiens
1031 2627 1088 2693 est,
1112 2638 1148 2680 se
1170 2619 1239 2699 ipse
1261 2629 1441 2695 contentus,

186 2731 276 2784 tanta
298 2723 470 2785 instructus
492 2724 587 2784 animi
611 2724 840 2804 magnitudine,
868 2731 904 2784 ut
932 2723 1041 2785 omnia
1069 2724 1101 2786 in
1126 2743 1162 2785 se
1183 2725 1291 2805 posita
1314 2723 1441 2801 habeat,

188 2826 239 2887 cui
261 2826 337 2888 nihil
359 2828 459 2902 deest,
484 2828 623 2907 undique
639 2827 807 2908 perfectus
831 2828 975 2902 invictus,
999 2828 1113 2891 beatus
1130 2837 1202 2903 etc„
1230 2849 1313 2910 quae
1334 2832 1443 2894 omnia

189 2929 296 3004 Philo,
332 2951 406 2992 cum
436 2951 500 2994 non
529 2940 619 2995 tanta
648 2932 807 2996 humanae
836 2933 960 2995 virtutis
995 2931 1112 2995 fiducia
1143 2941 1228 2995 esset
1261 2936 1441 3012 instructus,

189 3196 214 3236 et
233 3187 321 3236 Iudaei
344 3187 429 3252 legem
454 3187 648 3237 circumcisionis
671 3188 751 3237 libero
775 3189 877 3238 arbitrio
902 3190 1046 3253 elegerunt?
1071 3190 1124 3238 Lex
1142 3189 1210 3238 enim
1229 3191 1317 3238 mentis
1335 3192 1443 3256 imperat

188 3274 232 3333 eis,
252 3292 304 3324 non
323 3276 529 3340 genethlialogia.
547 3306 582 3316 —-
600 3276 627 3325 Si
646 3292 708 3341 ergo
726 3277 830 3326 diversis
848 3277 1003 3341 temporibus
1015 3277 1103 3325 Iudaei
1115 3294 1177 3342 prae
1192 3294 1218 3327 se
1230 3278 1313 3328 ierunt
1326 3296 1356 3329 ex
1368 3288 1440 3331 utero

189 3363 329 3411 natalitium
353 3371 378 3412 et
400 3364 565 3414 nihilominus
586 3380 638 3412 una
660 3374 698 3414 est
722 3365 770 3413 illis
793 3365 857 3413 ratio
875 3364 942 3414 vitae
960 3373 1007 3414 etc.
1042 3366 1136 3430 Atque,
1158 3366 1179 3415 si
1197 3366 1258 3432 quid
1276 3368 1360 3428 video,
1380 3370 1440 3418 Ber·

189 3465 251 3513 nays
268 3450 336 3498 idem
354 3451 386 3499 de
404 3449 452 3500 illis
470 3452 539 3501 libris
556 3453 696 3516 suspicatus
713 3460 760 3512 est,
781 3469 837 3501 cum
856 3453 874 3501 l.
889 3453 906 3502 l.
921 3469 947 3517 p.
962 3466 997 3516 34
1015 3453 1046 3503 ad
1064 3455 1155 3503 verba:
1185 3456 1285 3504 »Moses
1302 3455 1379 3505 heisst
1396 3474 1443 3506 nur

187 3539 233 3587 der
250 3538 420 3603 Gesetzgeber
438 3540 482 3589 der
497 3540 618 3604 Judaeer:
634 3557 693 3589 man
712 3541 793 3590 erhlilt
809 3541 859 3589 den
879 3541 1011 3592 Eindruck
1028 3557 1080 3590 von
1097 3543 1165 3592 einer
1176 3543 1378 3608 Anerkennung,
1401 3546 1442 3594 die

186 3626 228 3675 ein
239 3627 427 3692 Fremdartiges
445 3628 503 3677 dem
515 3629 557 3679 Vi.
569 3629 731 3693 abgewinnt«
745 3629 889 3678 adnotaret:
911 3628 1028 3677 »Ebenso
1038 3631 1064 3678 in
1082 3631 1126 3679 der
1144 3631 1286 3695 gleichsalls
1301 3632 1371 3682 nicht
1390 3650 1441 3682 von

187 3713 260 3762 Philo
278 3714 468 3764 herrtihrenden
486 3716 579 3765 Schrift
597 3717 667 3781 quod
685 3717 768 3766 omnis
786 3717 881 3781 probus
898 3716 962 3765 liber
980 3733 1002 3766 c.
1023 3727 1037 3780 5
1056 3728 1104 3770 etc.
1131 3717 1206 3781 (haec
1228 3720 1283 3769 sola
1301 3737 1376 3770 eausa
1393 3731 1439 3782 est,

190 3817 266 3866 quam
284 3811 372 3853 contra
389 3804 457 3855 hunc
474 3805 567 3853 libnrm
584 3804 709 3871 protulit).
728 3832 760 3841 -
778 3805 853 3854 Auch
870 3805 904 3853 de
922 3805 1082 3869 providentia
1100 3808 1166 3868 122,
1181 3825 1208 3872 p.
1223 3821 1268 3857 11:
1288 3809 1442 3859 Iudaeorum

188 3890 320 3954 legislator
331 3892 442 3942 Moses«
479 3893 570 3957 Neque
587 3893 654 3943 enim
672 3894 748 3942 video
766 3893 809 3958 qui
827 3892 884 3941 illos
901 3893 981 3942 libros
993 3893 1091 3943 adferre
1103 3895 1221 3959 potuerit,
1236 3897 1282 3944 nisi
1295 3913 1441 3961 persuasum

188 3978 299 4028 habebat
322 3994 367 4027 eos
391 3995 444 4028 non
463 3980 575 4030 Philonis
600 3997 662 4031 esse.
701 3981 773 4043 Quae
790 3980 869 4038 Diels,
898 3981 1015 4045 Doxogr.
1036 3998 1062 4045 p.
1084 3998 1110 4046 p.
1133 3997 1156 4046 3,
1177 3997 1195 4043 4
1218 3984 1251 4032 de
1274 3985 1357 4048 priore
1374 3986 1440 4036 libro

188 4067 320 4132 exposuit:
343 4067 532 4118 »disserentium
550 4085 715 4133 personarum
734 4069 838 4118 nomina
858 4077 883 4118 et
903 4084 967 4134 quae
986 4069 1019 4117 ad
1037 4070 1133 4135 dialogi
1152 4071 1261 4136 speciem
1281 4073 1441 4137 pertinebant

186 4163 295 4218 exsecta,
315 4165 463 4220 argumenta
481 4171 511 4207 ac
529 4173 560 4205 ne
578 4172 609 4205 ea
626 4157 729 4222 quidem
747 4157 823 4222 plena
841 4166 959 4223 excerpta
975 4173 1056 4216 esse«,
1076 4173 1107 4207 ea
1124 4167 1248 4219 constare,
1268 4161 1364 4210 etiamsi
1384 4163 1441 4213 illos

188 4243 268 4292 libros
287 4243 387 4293 Philoni
411 4244 593 4303 abiudicamus,
621 4254 734 4310 apparet,
761 4261 906 4310 quanquam
931 4247 992 4296 mira
1015 4245 1059 4295 illa
1082 4247 1147 4297 inter
1170 4248 1281 4311 priorem
1303 4250 1395 4300 librum
1416 4259 1441 4300 et

186 4332 446 4396 Pseudoplutarchum
464 4333 596 4382 consensio
613 4333 711 4382 facilius
727 4333 847 4398 explicari
863 4336 964 4399 poterit.
