3276 5040
604 384 910 479 ‚⁶15-

177 571 346 653 glandibus
369 592 471 652 usque
493 591 533 634 eo
555 578 732 644 vescentes,
756 578 845 630 τοῦτο
865 567 921 649 μὲν
943 564 1004 646 οὖν,
1027 568 1127 650 ὥσπερ
1149 569 1244 629 πολλὰ
1272 567 1322 628 καὶ
1348 568 1457 643 ἄλλα,

177 683 241 748 τοῖς
273 673 398 738 ιίαιθόσι
430 677 648 758 τερατεύεσθαι
682 669 743 736 οἷον
775 673 900 753 πλάσμα
932 674 1037 752 μύθου
1069 671 1103 736 ὂν
1131 674 1343 758 ἀπολελείφθω
1376 672 1435 753 πρὸ

177 780 285 864 σοφίας
305 781 478 863 σοφιστείαν
503 781 553 842 καὶ
573 773 719 862 ’γοητείαν
748 781 806 861 πρὸ
833 779 982 860 ἀληθείας
1010 777 1276 860 ἐπιτιτηδευκίσιν.
1323 777 1435 858 Atque

178 905 219 948 ne
241 886 318 965 quid
341 887 634 967 praetermittamus
656 905 700 948 ex
715 885 760 961 iis,
785 906 868 965 quae
889 885 952 949 huc
975 884 1103 960 faciunt,
1125 885 1214 966 quod
1236 904 1269 966 p.
1283 884 1346 964 463
1369 884 1434 945 duo
1491 865 1494 872 ¹

179 988 319 1053 athletae
341 979 509 1055 narrantur
531 991 562 1052 ἐν
584 993 675 1074 ἀγῶνι
699 988 768 1074 ἱερῷ
789 1011 854 1053 non
875 992 964 1072 prius
986 991 1155 1063 destitisse,
1187 1009 1285 1069 quam
1301 998 1445 1070 uterque

178 1104 322 1158 mortuus
341 1106 436 1173 esset,
459 1097 550 1159 Philo
572 1106 605 1160 te
628 1104 739 1159 monet
758 1096 800 1158 de
822 1094 967 1177 agricult.
990 1095 1006 1158 Ι
1030 1111 1110 1176 317:
1134 1093 1231 1177 ἱεροὺς
1248 1095 1291 1175 μὴ
1313 1093 1436 1179 νομίσῃς

177 1201 304 1283 ἀγῶνας,
327 1200 431 1274 οὓς-αἲ
453 1201 553 1274 πόλεις
574 1201 605 1262 ἓν
626 1209 694 1273 ταῖς
714 1200 896 1283 τριετηρίσιν
918 1202 1033 1283 ἄγουσι,
1056 1200 1176 1282 θέατρα
1199 1199 1435 1279 ἀναδιιμάμιναι

177 1308 288 1379 πολλὰς
321 1306 495 1390 ἀνθρώπων
528 1306 686 1386 δεξάμεναι
719 1307 879 1387 μυριάδας.
909 1344 952 1356 -
990 1308 1067 1384 318:
1101 1307 1218 1368 τούτων
1238 1304 1294 1385 μὲν
1315 1306 1353 1385 δὴ
1375 1314 1436 1366 τῶν

137 1485 139 1488 ⁴
179 1410 302 1493 ἀγώνων
330 1413 404 1496 πρὸς
431 1413 581 1492 ἀλήθειαν
610 1409 687 1494 ῗιρὸς
714 1412 811 1485 οὐδεὶς
838 1408 895 1472 κᾶν
916 1410 1025 1484 πάντες
1047 1413 1205 1493 ἄνθρωποι
1230 1420 1434 1494 μαρτυρῶσιν.

179 1517 220 1578 de
249 1534 371 1599 praem.
394 1528 427 1582 et
456 1517 569 1600 poenis
590 1516 605 1579 I
626 1513 706 1594 416:
744 1515 819 1598 λίγα
848 1515 881 1578 δὲ
912 1515 1008 1600 ἱεροὺς
1036 1515 1180 1600 (ἀγῶνας)
1211 1518 1246 1578 οὐ
1271 1517 1342 1588 τοὺς
1363 1507 1429 1600 παρ’

180 1623 280 1694 ἄλλοις
302 1621 526 1703 νομιζομένους·
549 1623 659 1705 ἀνίεροι
680 1623 738 1705 γὰρ
761 1615 845 1683 οὗτοί
863 1644 895 1704 γε
917 1646 944 1684 κ.
961 1645 988 1688 τ.
1008 1626 1036 1687 λ.
1080 1622 1249 1686 Praeterea
1269 1620 1380 1685 adfero
1403 1630 1438 1684 ut

177 1748 196 1790 a
226 1727 359 1791 Philone
392 1731 495 1794 aliena
532 1728 636 1800 ποινὰς
671 1728 741 1790 illas
768 1729 811 1810 (p.
837 1728 901 1805 446
929 1729 955 1790 εἷ
978 1728 1022 1808 μή
1043 1749 1104 1794 τισι
1133 1734 1249 1799 ποιναῖς
1269 1725 1439 1788 ίλοιιίνοιντο

176 1833 384 1916 θανατῶντες)
421 1847 453 1899 et
486 1835 589 1914 Τοχὴν
624 1834 673 1894 καὶ
708 1835 828 1914 ἀγαθὸν
867 1833 997 1911 δαίμονα
1033 1836 1077 1914 (p.
1106 1832 1189 1914 451).
1242 1830 1436 1914 Quanquam

178 1939 499 2002 animadvertendum
523 1945 573 2000 est
596 1939 785 2020 scriptorem
801 1938 948 2001 consulto
964 1939 993 2000 in
1010 1936 1182 2020 Sophoclis
1199 1957 1293 2000 versu
1305 1938 1347 2019 (p.
1359 1939 1435 2018 448)

179 2064 239 2125 pro
261 2045 356 2123 Iovis,
387 2044 476 2125 quod
508 2044 682 2120 invenerat,
712 2044 841 2106 nomine
870 2045 945 2104 θεὸν
974 2043 1186 2116 substituisse,
1217 2062 1322 2125 neque
1352 2043 1436 2105 enim
1549 2061 1551 2064 ·

180 2148 361 2231 Sophocles
383 2151 458 2222 θεὸς
479 2147 549 2227 ἐμὸς
571 2149 628 2230 (sic
644 2149 715 2211 cod.
733 2149 819 2212 Med.
834 2150 921 2237 vulg.
937 2148 1015 2232 ἐμοὶ)
1039 2150 1149 2229 ἄρχων,
1172 2152 1296 2228 θνητῶν
1311 2146 1438 2221 δ”οὐδείς

178 2255 304 2344 scripsit
333 2257 392 2318 sed
412 2257 491 2326 Ζεὺς
519 2254 590 2332 ἐμὸς
618 2254 720 2337 ἄρχων
749 2258 874 2334 θνητῶν
904 2251 1030 2326 ὃόὐδείς
1058 2253 1097 2316 cs.
1128 2253 1243 2315 Nauck
1272 2253 1331 2334 srg.
1363 2254 1436 2331 684.

178 2359 286 2424 Etiam
308 2361 340 2423 in
361 2381 399 2424 ea
421 2360 708 2442 argumentatione,
733 2379 798 2439 qua
819 2379 863 2421 ex
878 2359 1026 2435 amicitia,
1048 2379 1131 2440 quae
1150 2358 1346 2440 sapientibus
1361 2379 1435 2421 cum

178 2466 241 2528 deo
263 2475 321 2543 est,
344 2464 480 2528 efficitur
502 2486 559 2528 eos
581 2484 652 2527 esse
675 2463 792 2526 liberos
815 2467 859 2545 (p.
876 2464 1016 2544 451l52),
1036 2466 1119 2539 inde,
1141 2465 1229 2545 quod
1252 2465 1331 2526 deus
1353 2459 1436 2524 ἑται-

180 2578 257 2654 ρεῖος
277 2591 349 2634 esse
371 2572 493 2645 dicitur,
517 2571 670 2651 suspicari
693 2569 767 2632 licet
790 2570 821 2630 in
843 2589 892 2644 eo,
918 2589 1015 2650 quem
1039 2569 1209 2651 exscripsit
1230 2566 1322 2644 libr0,
1349 2568 1435 2632 Iovis

178 2696 297 2738 nomen
325 2677 495 2750 exstitisse,
526 2677 615 2738 cuius
643 2675 720 2737 illud
749 2673 916 2755 epitheton
935 2676 1101 2756 proprium
1124 2683 1182 2737 est.
1206 2673 1246 2739 cf.
1271 2674 1433 2750 Welcker,

181 2780 299 2862 griech.
322 2780 527 2844 Gotterlehre
549 2781 579 2842 ΙΙ
602 2801 633 2862 p.
658 2796 729 2859 203.

263 2885 363 2948 Aliud
385 2895 444 2961 est,
468 2888 557 2967 quod
578 2887 716 2968 scriptor
737 2884 934 2948 Graecorum
957 2894 990 2948 et
1009 2885 1277 2968 philosophorum
1305 2893 1338 2947 et
1359 2905 1436 2967 poe-

178 3000 284 3054 tarum
314 2992 504 3054 auctoritate
533 2992 720 3073 saepissime
751 2992 864 3066 utitur,
903 2991 1006 3054 Mosis
1039 2998 1072 3053 et
1100 2991 1293 3054 Iudaeorum
1325 3010 1436 3054 sacrae

180 3098 356 3179 scripturae
387 3097 492 3160 obiter
517 3105 643 3159 tantum
674 3096 725 3159 hic
753 3095 805 3158 vel
828 3096 891 3159 illic
920 3097 1085 3159 mentione
1114 3096 1238 3170 iniecta,
1268 3105 1301 3158 et
1329 3114 1432 3176 paene

182 3205 311 3277 omnia,
331 3222 413 3284 quae
441 3201 628 3265 adferuntur
662 3202 704 3264 ad
735 3221 803 3263 rem
833 3202 1036 3283 probandam
1065 3201 1233 3282 exempla,
1262 3199 1435 3263 eGraecis

180 3308 326 3389 sumpsit.
371 3308 445 3371 Hoc
467 3308 552 3371 enim
575 3329 594 3370 a
616 3306 756 3370 Philonis
779 3307 901 3370 ratione
923 3327 1056 3388 prorsus
1078 3306 1240 3380 abhorret,
1271 3305 1325 3387 qui
1347 3314 1434 3369 totus

134 3431 136 3435 ·
180 3413 211 3501 in
232 3413 425 3475 Iudaeorum
455 3413 552 3476 sacris
582 3415 708 3494 scriptis
736 3423 882 3476 versatur
907 3422 940 3477 et
961 3413 1050 3493 quod
1072 3413 1114 3475 ad
1137 3431 1204 3475 rem
1227 3420 1261 3474 et
1282 3411 1372 3491 quod
1394 3412 1436 3473 ad

126 3533 131 3540 ·
179 3519 332 3600 exempla
360 3519 491 3593 attinet,
523 3517 577 3598 qui
600 3518 743 3582 Graecos
772 3527 887 3601 poetas
916 3519 1102 3600 parcissime
1131 3525 1304 3597 memorat,
1334 3515 1435 3599 philo·

179 3625 357 3708 sophorum
378 3624 578 3697 auctoritate,
606 3624 753 3704 quamvis
776 3644 889 3687 eorum
904 3623 1004 3687 libros
1026 3623 1240 3704 exscripserit,
1258 3643 1323 3686 non
1338 3642 1436 3704 saepe

180 3730 287 3804 utitur,
310 3737 408 3811 atque
431 3729 457 3791 si
479 3749 518 3792 ea
541 3729 646 3804 utitur,
670 3730 773 3792 multo
788 3730 916 3812 saepius
931 3730 1017 3807 dicit,
1032 3737 1178 3791 veterum
1193 3727 1332 3807 aliquem
1355 3726 1436 3790 haec

178 3836 298 3898 dixisse
314 3833 365 3897 vel
380 3834 445 3897 tale
456 3834 584 3914 aliquid,
601 3855 699 3915 quam
715 3843 758 3910 ut,
775 3834 864 3914 quod
878 3835 909 3897 in
931 3834 994 3897 hoc
1017 3832 1099 3896 libro
1121 3852 1223 3913 usque
1247 3853 1375 3915 quaque
1389 3832 1434 3907 fit,

179 3961 236 4004 eos
248 3942 391 4004 nominet
400 3940 435 4022 ¹),
449 3941 503 4019 qui
513 3939 666 4021 exempla
677 3939 836 4002 eGraecis
847 3958 952 4021 paene
963 3937 1049 4001 nulla
1060 3939 1206 4021 sumpsit.
1230 3937 1334 4013 Certe,
1348 3939 1437 4017 quod

265 4131 288 4196 ¹)
307 4133 366 4181 Hoc
384 4132 505 4191 Platonis,
528 4132 598 4181 cuius
616 4132 712 4197 scriptis
730 4139 830 4197 praeter
848 4139 944 4181 ceteros
968 4146 1027 4180 usus
1050 4137 1095 4189 est,
1122 4130 1238 4194 exemplo
1263 4130 1436 4180 demonstrare

179 4221 267 4270 liceat:
282 4220 320 4269 bis
332 4237 390 4270 eum
403 4221 506 4270 nomine
518 4221 611 4271 adfert:
632 4222 699 4281 129.
710 4233 743 4285 32
756 4220 799 4269 sed
813 4223 825 4268 I
836 4231 863 4283 5:
884 4216 954 4284 ὅπερ
967 4222 1014 4270 καὶ
1027 4220 1082 4271 τῶν
1094 4215 1220 4289 ἀρχαίων
1229 4215 1294 4271 ιλιτί
1303 4237 1352 4278 τις.
1366 4220 1434 4280 169:

181 4310 211 4361 di
226 4303 292 4379 παρ’
302 4304 412 4374 Ἕλλησι
427 4309 655 4380 φιλοσοφοῦντες.
668 4309 732 4373 348:
746 4303 783 4368 ὥς
794 4305 849 4378 ἔφη
861 4328 909 4369 τις.
923 4309 985 4374 358:
1000 4303 1037 4367 ὥς
1050 4304 1063 4360 ὁ
1078 4304 1199 4367 παλαιὸς
1212 4302 1302 4378 λόγος.
1313 4307 1380 4370 408:
1395 4309 1435 4359 λί-

180 4415 268 4467 γεται.
283 4408 296 4460 5
300 4409 344 4463 55:
359 4393 443 4450 τοῦτό
452 4417 494 4458 τις
503 4401 550 4451 καὶ
559 4397 614 4452 τῶν
625 4399 672 4451 cul
682 4402 770 4468 σοφίᾳ
781 4400 1047 4468 θαυμασθέντων-
1055 4390 1189 4466 ίφώνησε.
1209 4396 1271 4462 558:
1283 4393 1436 4464 παγκάλως
