3276 5040
710 355 922 434 ,36-

187 525 418 589 ineruditione
441 545 602 600 exercere,
633 526 665 588 in
695 534 815 606 quaet
844 525 1028 588 adolescere
1058 532 1091 587 et
1120 542 1350 586 consenescere
1380 522 1448 604 pul·

187 651 277 694 crum
299 637 357 692 est.
399 629 485 692 Nam
509 639 544 693 ut
572 651 656 693 nova
682 630 793 711 vasa1)
824 649 976 710 saporem
1007 648 1129 703 eorum,
1164 628 1280 710 quibus
1306 627 1449 710 primum

186 735 310 799 imbuta
337 745 420 810 sunt,
444 735 498 798 diu
520 745 658 812 servant,
682 736 727 798 sic
751 755 834 817 quae
856 733 947 816 pueri
969 733 1130 808 discimus,
1160 753 1199 795 ea
1221 733 1265 795 ita
1289 732 1447 796 inhaeres-

187 851 265 905 cunt
287 843 318 903 in
341 840 512 916 mentibus,
537 850 573 903 ut
594 860 758 922 nunquam
780 859 841 906 nos
863 841 1039 903 deserant«

273 945 424 1028 Sequitur
446 945 609 1026 quaestio:
637 945 745 1009 »Haec
766 945 930 1019 hactenus.
974 944 1053 1017 Iam,
1076 943 1153 1023 quid
1167 943 1216 1018 sit,
1240 944 1330 1023 quod
1347 963 1448 1024 quae·

187 1051 273 1125 titur,
297 1050 519 1132 expediamus,
545 1071 585 1113 ne
607 1049 773 1114 nominum
795 1048 1005 1130 ambiguitate
1028 1049 1235 1131 decipiamur,
1258 1049 1316 1110 sed
1339 1069 1382 1124 re,
1405 1050 1448 1112 de

187 1176 252 1238 qua
274 1156 464 1238 disputaturi
486 1175 606 1229 sumus,
623 1155 754 1219 definita
771 1153 968 1235 argumentis
984 1173 1056 1216 eam
1072 1154 1265 1234 probemus«
1278 1153 1313 1235 2).
1350 1153 1448 1217 Hunc

187 1261 356 1324 transitum
380 1260 582 1342 compilatori
603 1261 807 1325 tribuendum
830 1279 901 1323 esse
924 1279 1020 1322 nemo
1041 1278 1117 1321 non.
1137 1261 1315 1322 concedere
1337 1259 1446 1335 debet,

187 1368 237 1430 cui
267 1368 370 1448 prima
402 1365 471 1428 libri
500 1365 599 1428 verba
628 1366 670 1428 ab
698 1364 754 1428 illo
776 1366 818 1428 ad
840 1365 1010 1426 exordium
1032 1364 1141 1426 addita
1162 1383 1233 1426 esse
1256 1383 1449 1445 persuasum

187 1480 252 1534 est:
277 1492 382 1553 neque
404 1471 489 1533 enim
512 1470 558 1533 sic
580 1479 709 1552 poterat
729 1470 877 1547 scribere,
899 1470 958 1531 nisi
980 1470 1044 1551 qui,
1075 1479 1249 1550 antequam
1276 1469 1449 1532 exordium

187 1575 373 1650 institueret,
396 1584 620 1657 proposuerat,
644 1577 684 1638 de
708 1595 772 1657 qua
794 1595 828 1637 re
844 1574 959 1637 librum
974 1575 1211 1656 conscripturus
1226 1583 1320 1637 esset.
1358 1572 1448 1637 »Ser-

187 1681 271 1743 vitus
295 1681 390 1761 igitur
411 1689 445 1743 et
467 1681 497 1742 in
517 1680 630 1742 animis
654 1689 688 1744 et
709 1680 740 1742 in
762 1680 951 1761 corporibus
974 1679 1096 1756 dicitur,
1120 1688 1154 1741 et
1176 1688 1250 1742 sunt
1272 1699 1449 1762 corporum

187 1785 307 1848 domini
323 1785 495 1870 (δεσπόται)
511 1785 667 1861 homines,
686 1785 865 1848 animorum
882 1785 1022 1864 nequitia
1033 1793 1066 1846 et
1079 1785 1278 1865 cupiditates.
1310 1785 1449 1868 (Eadem

187 1891 347 1954 servitutis
369 1892 482 1955 divisio
498 1892 585 1973 apud
599 1891 783 1972 Diogenem
797 1889 860 1951 VII
882 1891 1011 1954 121l22:
1031 1890 1085 1969 ,τὴν
1098 1926 1141 1937 -
1156 1890 1293 1954 δουλείαν
1308 1890 1450 1975 στέρησιν

191 1997 394 2078 αὐτοπραγίας
416 1991 529 2079 (εἶναι).
574 1990 664 2059 Εἶναι
692 1993 725 2057 δὲ
752 1995 803 2055 καὶ
833 1996 926 2076 ἄλλην
949 1995 1086 2056 δουλείαν
1107 1997 1162 2074 τὴν
1184 1995 1214 2057 ἐν
1232 1996 1372 2070 ὑποτάξει
1396 2033 1449 2076 -,

189 2086 209 2185 ᾗ
230 2098 419 2162 ἀντιτίθεται
442 2103 461 2181 ἡ
484 2101 666 2184 δεσποτεία).
710 2101 792 2163 Item
814 2100 969 2163 libertatis
991 2101 1056 2162 duo
1071 2111 1146 2163 sunt
1158 2122 1287 2182 genera,
1311 2103 1449 2166 alterum

190 2206 334 2286 corporis
362 2207 406 2270 ab¹
434 2206 617 2269 hominibus
646 2205 745 2282 liberi,
775 2206 911 2269 alterum
939 2207 1034 2267 animi
1057 2206 1147 2269 liberi
1169 2227 1189 2270 a
1209 2207 1448 2288 cupiditatibus.

190 2309 344 2392 Corporis
366 2310 497 2374 libertas
519 2312 550 2374 in
572 2333 648 2374 casu
671 2312 749 2389 sita;
772 2312 814 2373 de
836 2331 875 2374 ea
897 2311 992 2392 igitur
1015 2331 1079 2373 non
1103 2313 1295 2392 quaerimus,
1326 2313 1384 2377 sed
1406 2313 1449 2377 de

189 2417 296 2479 animo
317 2426 452 2479 vacante
475 2417 563 2479 omni
585 2415 826 2498 perturbatione
847 2424 880 2479 et
902 2416 1084 2496 cupiditatis
1107 2427 1140 2480 et
1162 2427 1268 2480 metus
1287 2426 1320 2481 et
1335 2416 1448 2499 volup-

188 2522 264 2584 tatis
285 2530 318 2583 et
340 2522 555 2603 aegritudinis.
597 2522 688 2584 Haec
710 2521 806 2583 animi
821 2521 1098 2602 perturbationum
1113 2523 1252 2604 partitio,
1269 2544 1333 2604 qua
1349 2523 1449 2586 etiam

188 2625 279 2689 Philo
309 2627 415 2703 utitur,
447 2629 534 2709 apud
563 2628 696 2690 eosdem
719 2625 848 2690 Stoicos
879 2626 911 2688 in
945 2624 1068 2689 honore
1101 2629 1202 2711 eratss)
1235 2629 1342 2710 (Diog.
1377 2644 1446 2691 110.

189 2731 288 2795 Cicer.
313 2731 409 2796 Tusc.
433 2734 481 2794 IV
507 2751 541 2795 11
568 2743 600 2796 et
622 2732 773 2814 saepius).
819 2731 952 2795 Missam
975 2731 1070 2812 igitur
1085 2731 1238 2797 iaciamus
1253 2733 1446 2811 libertatem,

188 2856 287 2918 quam
316 2836 461 2918 plerique
492 2847 616 2920 putant,
646 2846 679 2899 et
710 2856 902 2917 quaeramus
924 2857 1007 2911 eum,
1032 2837 1085 2919 qui
1108 2858 1184 2901 vere
1207 2839 1286 2901 liber
1308 2847 1367 2912 est,
1392 2840 1447 2921 qui

187 2942 275 3005 solus
297 2942 466 3022 imperium
487 2944 535 3005 sui
557 2943 665 3019 habet,
689 2942 739 3002 uui
762 2939 799 3001 ἂν
819 2943 921 3025 μυρίοι
936 2936 1072 3025 γράφωσι
1088 2942 1236 3015 δεσπότας
1256 2939 1379 3017 ἑαυτούς
1387 2946 1442 3028 ⁴).‹

273 3077 296 3145 ¹)
316 3073 410 3152 ὥσπερ
427 3072 483 3147 γάρ
508 3092 578 3150 φασι
602 3075 637 3131 τὰ
659 3076 725 3132 κενὰ
752 3078 799 3143 (sic
824 3080 894 3129 Editi
911 3080 989 3129 codd.
1010 3081 1078 3131 Med.
1098 3089 1123 3131 et
1140 3084 1209 3146 Aug.
1228 3083 1358 3146 Mangeyo
1383 3089 1447 3134 teste

186 3177 254 3218 recte
272 3163 366 3235 καινά)
385 3170 441 3222 τῶν
460 3164 581 3238 ἀγγείων
601 3165 752 3241 ἀναφέρειν
772 3167 818 3232 (-
835 3169 915 3238 φέρει
932 3168 1089 3235 Wilamow.)
1107 3187 1131 3221 ιι.
1143 3188 1165 3222 τ.
1178 3171 1202 3220 λ.
1237 3169 1315 3232 Quod
1338 3170 1373 3219 ad
1390 3185 1448 3220 sen-

186 3257 290 3307 tentiam
308 3259 407 3320 attinet,
429 3260 569 3322 Mangeyus
586 3257 681 3307 adfert:
709 3259 775 3307 Hor.
795 3274 837 3322 ep.
857 3258 913 3316 12,
936 3256 983 3320 69:
1011 3273 1062 3322 quo
1087 3258 1164 3309 semel
1188 3265 1225 3307 est
1245 3258 1342 3307 imbuta
1360 3274 1448 3309 recens

186 3346 295 3394 servabit
319 3347 424 3396 odorem
449 3354 513 3396 testa
535 3347 589 3396 diu.
615 3354 744 3411 praeterea
767 3347 853 3396 adsero
879 3347 985 3409 Quintil.
1009 3347 1031 3407 Ι,
1060 3360 1082 3408 1,
1109 3357 1135 3412 5:
1179 3354 1269 3397 natura
1295 3347 1448 3397 tenacissimi

187 3449 272 3483 sumus
291 3450 387 3494 eorum,
409 3450 473 3498 quae
492 3435 594 3483 rudibus
611 3435 683 3483 annis
700 3435 874 3500 percepimus:
895 3442 923 3483 ut
940 3449 1024 3500 sapor,
1045 3450 1096 3500 quo
1115 3450 1183 3485 nova
1200 3435 1305 3495 imbuas,
1324 3436 1406 3486 durat.

273 3519 296 3587 ²)
314 3520 363 3580 τὰς
385 3518 542 3583 οἰποδεέξεις
573 3515 716 3579 εὐσκόπως
746 3515 984 3594 ἐφαρμόττωμεντ
1020 3540 1047 3588 p.
1072 3536 1133 3585 449.
1165 3516 1368 3594 ἁρμοζόμενος,
1395 3537 1448 3589 304

185 3605 342 3683 εἱρμόττονι
360 3612 420 3662 item
438 3611 513 3661 Philo
531 3612 672 3676 promiscue
691 3611 768 3662 utitur
785 3612 825 3661 his
842 3612 912 3661 verbi
931 3612 1032 3661 formis:
1053 3606 1185 3683 ἁρμόζειν
1204 3627 1225 3662 e.
1239 3629 1278 3678 gr.
1299 3614 1383 3676 1519,
1401 3625 1446 3664 21.

185 3713 245 3765 332,
269 3714 308 3763 19·
335 3713 393 3762 340,
413 3712 454 3762 32.
472 3711 531 3762 342,
546 3712 588 3761 42.
607 3710 666 3765 541,
683 3714 726 3762 41.
747 3717 873 3752 -ττεινι
900 3701 911 3749 1
929 3712 989 3764 330,
1005 3712 1046 3750 21.
1064 3713 1123 3764 332,
1142 3712 1181 3748 12.
1202 3713 1260 3764 342,
1277 3713 1319 3761 24.
1340 3710 1399 3765 539,
1417 3699 1445 3752 6.

271 3784 295 3852 ³)
314 3790 338 3836 A
357 3789 462 3837 Platone
480 3803 536 3837 eam
555 3789 682 3852 accepisse
703 3789 828 3850 videntur,
854 3789 923 3853 apud
946 3804 1022 3852 quem
1044 3788 1106 3837 mihi
1132 3788 1240 3838 occurrit
1258 3788 1354 3838 Phaed.
1372 3788 1447 3854 8313

183 3870 201 3941 ἡ
219 3881 270 3928 τοῦ
288 3870 325 3935 οἷς
343 3871 455 3941 ἀληθῶς
475 3868 636 3946 φιλοσόφου
655 3870 881 3944 ψυχὴ-ἀπέχεται
900 3876 956 3928 τῶν
974 3870 1085 3940 ἡδονῶν
1102 3892 1132 3928 τε
1150 3879 1197 3928 καλ
1220 3876 1380 3949 ἐπιθυμιῶν
1397 3878 1447 3930 κοιλ

185 3963 283 4017 λυττῶν
301 3968 348 4016 καὶ
364 3962 469 4035 φόβων.
506 3966 592 4030 Symp.
612 3976 662 4026 207
681 3966 702 4015 E
722 3968 769 4017 καλ
788 3959 827 4037 μὴ
849 3961 890 4017 ὅτι
909 3961 978 4016 κατὰ
998 3958 1031 4017 τὸ
1049 3966 1137 4036 σῶμα,
1159 3961 1229 4017 ἀλλὰ
1246 3960 1378 4017 καὶκατὰ
1395 3963 1448 4032 τὴν

184 4047 280 4122 ψυχὴν
295 4056 323 4107 οἱ
338 4049 438 4127 τρόποι
453 4048 487 4104 τὰ
503 4048 567 4118 ἤδη,
587 4047 675 4117 δόξαι,
688 4053 850 4124 ἐπιθυμίαι.
866 4048 975 4119 ἡδοναὶ,
994 4055 1088 4118 λῦπαι,
1106 4047 1198 4124 φόβοι,
1216 4050 1323 4105 τούτων
1344 4053 1447 4107 ἕκαστα

185 4140 321 4195 οὐδέποτε
342 4140 376 4194 τὰ
396 4140 467 4195 αὐτὰ
486 4138 622 4213 πάρεστιν
639 4135 751 4207 ἑκάστῳ,
771 4136 838 4194 ἄλλα
857 4140 891 4195 τὰ
909 4143 962 4209 μὲν
981 4145 1115 4211 γίγνεται,
1132 4142 1166 4194 τὰ
1186 4142 1217 4194 δέ
1236 4138 1402 4196 ἀπόλλυται.

271 4230 295 4295 ⁴)
314 4231 345 4282 cf.
364 4248 390 4296 p.
411 4231 476 4292 466:
495 4230 524 4290 ἐξ
543 4216 582 4283 ὧν
602 4230 789 4300 ἐναργέστατα
807 4234 978 4302 παρίσταται
998 4226 1030 4284 τὸ
1050 4225 1120 4304 μήτε
1133 4229 1195 4284 τινὰ
1209 4234 1265 4287 τῶν
1280 4233 1447 4287 σπουδαίων

185 4318 287 4372 δοῦλον
305 4316 385 4385 εἶναι,
405 4322 451 4370 καὶ
473 4312 507 4371 ἂν
521 4323 620 4391 μυρίοι
636 4318 669 4371 τὰ
687 4317 831 4373 δεσποτῶν
849 4319 977 4390 σύμβολα
997 4326 1186 4394 προφέροντες
1197 4321 1446 4376 έπανατεένοινται.
