3276 5040
809 1184 1007 1270 CAPUT
1037 1186 1089 1267 ll.

368 1350 670 1452 Argumenta
698 1348 958 1430 continens
987 1366 1050 1427 ex
1077 1348 1340 1450 libroipso
1369 1348 1532 1428 dueta.

714 1467 784 1546 De
810 1466 1029 1548 fontibus
1055 1466 1178 1548 libri.

407 1669 472 1732 Sed
494 1669 558 1731 iam
580 1668 678 1732 finem
701 1669 854 1733 faciamus
877 1671 1094 1751 conquirendi,
1117 1689 1200 1749 quae
1222 1671 1254 1732 in
1275 1670 1338 1733 hoc
1360 1670 1442 1732 libro
1468 1691 1487 1731 a
1508 1668 1577 1731 Phi-

319 1775 394 1838 lone
414 1756 618 1837 abhorreant.
663 1775 755 1837 Licet
776 1776 860 1837 enim
880 1773 932 1837 hic
953 1795 1103 1837 numerus
1125 1775 1235 1855 augeri
1263 1776 1376 1856 possit,
1393 1783 1516 1837 tamen
1544 1782 1578 1837 et

319 1901 367 1956 ea,
393 1899 476 1962 quae
498 1880 686 1961 gravissima
709 1887 791 1955 sunt,
815 1879 984 1961 collegisse
1007 1879 1100 1942 nobis
1126 1881 1279 1953 videmur,
1311 1899 1416 1960 neque
1445 1880 1577 1942 omnino

235 2048 238 2053 ,
318 1985 394 2048 talia
414 1986 588 2064 quicquam
602 1983 739 2059 valeant,
757 1984 782 2046 si
798 1984 868 2066 quis
884 1985 938 2059 eis,
958 2007 1041 2068 quae
1056 1986 1097 2048 de
1111 1984 1246 2048 Iudaicis
1262 1984 1341 2047 locis
1357 1984 1577 2066 exposuimus,

319 2090 360 2152 ad
390 2087 488 2152 fidem
518 2089 661 2153 nondum
687 2090 863 2171 perductus
891 2090 941 2152 sit.
989 2091 1058 2153 Iam
1088 2091 1183 2153 aliam
1214 2090 1387 2170 quaerendi
1416 2090 1502 2151 viam
1535 2091 1578 2151 in·

319 2195 459 2274 gressuri
481 2214 600 2257 sumus.
646 2195 739 2257 Haec
760 2195 869 2256 omnia
891 2195 985 2270 enim,
1010 2215 1093 2275 quae
1116 2195 1178 2258 huc
1204 2216 1306 2276 usque
1332 2195 1576 2276 disputavimus,

318 2309 353 2363 et
382 2301 642 2363 demonstrantes
672 2299 862 2380 scriptorem
885 2299 1026 2363 Philonis
1057 2299 1156 2363 libros
1185 2286 1402 2382 exscripsisse,
1431 2308 1463 2362 et
1487 2299 1576 2361 colli·

207 2469 209 2472 .
317 2413 441 2486 gentes,
466 2425 549 2486 quae
571 2404 666 2467 insint
688 2406 719 2466 in
741 2405 823 2468 libro
846 2405 888 2468 ab
902 2405 957 2468 illo
975 2404 1087 2483 aliena,
1112 2406 1259 2485 quamvis
1277 2392 1370 2468 nobis
1385 2424 1577 2486 persuasum

317 2511 358 2573 sit
380 2512 456 2574 satis
477 2511 584 2573 valere
600 2531 639 2572 ea
661 2511 702 2572 ad
724 2509 822 2574 fidem
843 2510 925 2573 libro
947 2511 1178 2592 abrogandam,
1201 2519 1311 2573 tamen
1333 2510 1499 2573 fatendum
1516 2519 1575 2585 est,

318 2636 384 2678 non
407 2615 585 2678 necessaria
608 2635 689 2691 esse,
712 2617 770 2679 sed
792 2616 909 2698 potius,
932 2625 967 2679 ut
993 2616 1037 2679 ita
1057 2616 1171 2690 dicam,
1188 2616 1374 2692 accidentia,
1398 2636 1472 2677 cum
1487 2623 1577 2678 totus

317 2720 397 2784 liber
419 2741 478 2802 per
499 2741 535 2783 se
554 2729 718 2802 spectatus
740 2731 807 2784 tam
824 2720 968 2786 misellus
981 2721 1030 2796 sit,
1054 2730 1089 2783 ut
1106 2721 1149 2784 ob
1164 2722 1267 2802 ipsam
1283 2721 1412 2782 nimiam
1428 2719 1576 2783 deformi·

316 2834 418 2888 tatem
450 2825 539 2888 nullo
569 2828 669 2889 modo
698 2847 718 2888 a
735 2813 868 2889 Philone
891 2827 1091 2908 compositus
1113 2846 1184 2888 esse
1205 2826 1317 2907 possit.
1364 2826 1418 2888 An
1441 2834 1500 2899 est,
1522 2827 1576 2908 qui

318 2930 437 2993 librum
460 2930 569 2994 alienis
587 2951 606 2992 e
628 2931 770 2995 sontibus
792 2931 880 2994 nullo
903 2930 1036 2994 consilio
1059 2930 1209 3014 nullaque
1227 2932 1349 2995 ratione
1364 2931 1577 3012 compilatum

317 3034 441 3098 Philoni
463 3035 581 3099 audeat
601 3035 760 3099 tribuere?
788 3037 881 3099 Hanc
903 3047 1011 3100 autem
1035 3036 1103 3099 eius
1125 3037 1346 3099 condicionem
1375 3057 1446 3099 esse
1475 3036 1577 3099 altera

320 3141 416 3204 huius
439 3141 635 3222 quaestionis
657 3151 750 3223 parte
772 3143 993 3206 demonstrare
1015 3143 1218 3224 propositum
1241 3150 1299 3204 est.

406 3246 519 3329 Atque
541 3246 681 3329 primum
705 3247 834 3329 quidem
856 3257 992 3330 apparet
1012 3247 1159 3310 Iudaicos
1173 3247 1273 3321 locos,
1297 3266 1380 3326 quos
1397 3246 1575 3307 maximam

317 3353 348 3413 in
370 3362 497 3433 partem
520 3373 538 3415 e
561 3351 693 3414 Philone
710 3353 901 3433 desumptos
923 3373 995 3415 esse
1017 3373 1114 3434 supra
1135 3352 1282 3428 vidimus,
1306 3350 1437 3413 omnino
1453 3371 1497 3412 ex
1511 3350 1575 3412 hoc

318 3456 400 3518 libro
424 3457 640 3519 removendos
662 3476 743 3531 esse,
766 3478 841 3520 cum
863 3466 919 3520 aut
941 3458 1029 3520 nullo
1052 3458 1229 3521 sententiae
1251 3458 1443 3519 detrimento
1461 3456 1575 3518 deesse

316 3560 450 3644 possint,
481 3570 546 3636 aut,
577 3561 608 3624 id
639 3562 727 3643 quod
757 3564 799 3626 ad
829 3563 983 3627 maiorem
1014 3583 1127 3627 eorum
1155 3572 1279 3643 partem
1310 3562 1467 3642 pertinet,
1506 3581 1574 3622 sen-

316 3669 487 3731 tentiarum
510 3689 630 3731 nexum
653 3667 895 3750 interrumpant.

401 3772 541 3835 Primum
572 3773 696 3849 locum,
731 3772 785 3837 ubi
815 3774 916 3836 Mosis
947 3771 1088 3836 adfertur
1120 3773 1241 3834 dictum
1275 3771 1427 3852 sapientis
1460 3791 1574 3834 manus

318 3897 434 3959 graves
457 3898 538 3953 esse,
562 3898 601 3940 ne
624 3878 712 3941 inse
736 3878 866 3958 quidem
889 3897 959 3940 esse
981 3887 1093 3959 aptum
1117 3876 1180 3938 iam
1202 3877 1347 3952 vidimus,
1364 3897 1437 3940 cum
1453 3877 1576 3939 dictum

317 3983 355 4058 ei,
383 4003 465 4065 quae
496 3982 607 4045 addita
629 3993 687 4059 est,
717 3983 970 4065 interpretationi
998 4003 1062 4044 non
1092 3984 1295 4063 respondeat.
1340 3982 1405 4044 Sed
1438 3979 1575 4044 sortasse

316 4107 383 4150 non
416 4096 484 4150 tam
518 4088 743 4170 neglegenter,
783 4096 818 4149 ut
850 4107 947 4168 supra
980 4088 1136 4162 diximus,
1170 4107 1268 4167 quam
1301 4086 1399 4149 stulta
1433 4087 1574 4168 quadam

316 4191 466 4269 sollertia,
498 4191 585 4268 illud,
621 4195 709 4274 quod
740 4202 941 4256 momentum
971 4193 1061 4269 facit,
1095 4214 1207 4256 manus
1236 4192 1278 4255 ab
1300 4192 1433 4256 Aarone
1463 4191 1573 4271 fulciri,

316 4297 455 4380 scriptor
477 4297 594 4361 omisit.
639 4298 724 4360 Nam
747 4319 843 4380 supra
866 4300 906 4360 de
922 4319 962 4361 eo
978 4309 1047 4362 erat
1062 4300 1174 4373 orati0,
1198 4299 1377 4380 sapientem
1393 4297 1574 4360 constantia
