3276 5040
742 477 784 486 ..
830 443 954 519 53,-

221 610 429 690 institutaque
451 611 613 691 copiosius
636 609 796 683 describit,
820 609 907 688 haud
929 612 996 674 scio
1027 632 1067 672 an
1097 631 1201 694 prope
1230 632 1248 674 a
1277 612 1344 699 veri
1372 611 1478 674 simili·

221 716 331 779 tudine
355 715 503 778 aberrare
526 716 701 790 videamur,
725 715 751 776 si
773 736 848 778 eum
871 717 902 779 in
919 714 1014 797 Syria
1034 716 1232 779 domicilium
1247 716 1397 780 habuisse
1413 726 1478 780 sta·
1510 736 1514 743 ·

220 821 347 884 tuimus.
393 819 428 883 Si
449 828 557 883 autem
580 821 651 901 quis
674 821 756 894 inde,
781 821 868 901 quod
884 820 1044 883 Xanthios
1067 842 1131 884 non
1153 823 1197 886 ita
1219 830 1315 885 notos
1330 820 1478 884 laudibus

220 926 314 1002 tollit,
338 926 596 989 concludendum
622 946 693 988 esse
723 925 894 1001 existimet,
925 946 1000 988 eum
1022 925 1182 989 Asianum
1212 923 1308 989 fuisse
1339 925 1477 1000 natione,

221 1052 286 1094 non
310 1033 564 1113 repugnaverim.
609 1031 703 1094 Plura
725 1032 766 1093 de
788 1051 828 1092 eo
843 1051 907 1093 non
921 1029 1037 1105 habeo,
1061 1052 1144 1112 quae
1161 1033 1275 1104 dicam,
1299 1050 1374 1092 nam
1390 1031 1480 1111 quod

222 1136 302 1200 liber
331 1138 391 1200 sub
413 1137 554 1199 Philonis
582 1138 711 1198 nomine
740 1137 936 1209 venditatur,
967 1137 1048 1198 sitne
1077 1136 1119 1198 ab
1149 1138 1220 1218 ipso
1251 1135 1337 1198 mala
1366 1134 1479 1197 fraude
1506 1217 1507 1220 Ἴ
1595 1142 1598 1146 ’

222 1242 303 1305 falso
326 1244 504 1324 inscriptus,
535 1262 584 1320 an,
616 1262 690 1304 cum
720 1240 807 1304 nullo
838 1243 967 1304 nomine
996 1241 1227 1316 inscriberetur,
1257 1249 1392 1323 propter
1422 1261 1480 1303 eos

223 1349 276 1430 qui
299 1349 405 1411 insunt
427 1347 620 1430 Iudaeomm
642 1366 753 1410 sacrae
775 1347 950 1427 scripturae
973 1345 1063 1408 locos
1093 1358 1290 1428 propterque
1323 1346 1480 1409 sermonis

222 1454 461 1516 similitudinem
482 1452 606 1514 Philoni
628 1451 775 1526 tributus
800 1452 843 1514 id·
857 1472 915 1513 nec
937 1452 1108 1513 diiudicare
1131 1452 1295 1526 audemus,
1313 1470 1372 1513 nec
1387 1442 1480 1513 nobis

222 1559 302 1622 haec
325 1581 376 1622 res
399 1558 491 1620 ullius
514 1557 669 1618 momenti
693 1557 825 1618 videtur.

768 4381 952 4441 Altenburgi

476 4500 478 4505 ⁴
506 4464 577 4518 Typis
590 4464 691 4508 officinae
703 4463 788 4506 aulicae
802 4462 938 4506 Piererianae
952 4463 995 4512 (St.
1011 4461 1089 4504 Geibel
1103 4463 1122 4504 δι
1135 4461 1201 4510 soc).
