3276 5040
732 415 943 460 „12-

212 569 305 630 αὐτὸν
332 569 390 649 (sic
416 569 528 650 Mang.
557 569 651 631 codd.
681 567 782 652 τριχὲν
804 569 902 651 αὐτή)
925 568 1037 649 διαιρεῖ
1057 567 1269 652 φυσικώτατα·
1293 567 1331 660 ἓν4
1344 569 1402 651 γὰρ
1429 569 1474 654 τογ’

179 759 182 765 ἡ
211 673 345 752 στόματί
370 695 435 750 σου,
466 674 569 762 φησίν,
594 671 680 735 Ιἐστίν
709 674 758 734 και
790 673 822 734 ἓν
842 682 881 757 τῇ
903 674 1013 760 καρδίᾳ
1034 675 1084 735 καὶ
1106 673 1138 735 ἐν
1159 681 1227 745 ταΐς
1250 673 1352 755 χερσί·
1383 683 1473 735 τοῦτο

211 778 260 841 δὲ·
279 780 309 840 ἐν
324 778 432 862 λόγοις,
456 778 488 840 ἐν
501 783 635 857 βουλαῖς,
659 779 689 840 ἐν
704 779 837 859 πράξεσι.
860 788 1027 861 praeterea
1043 780 1057 841 I
1077 793 1146 859 541.
1162 780 1234 856 614,
1251 779 1290 841 ΙΙ.
1304 779 1377 856 406.
1396 796 1471 856 421.

205 883 311 966 ‘Quod
341 884 392 947 hic
406 898 408 902 ‘
422 885 498 948 dicit
528 905 593 947 non
623 904 706 966 opus
736 893 812 946 esse
834 905 954 966 magno
981 884 1091 947 itinere
1117 904 1178 965 pro
1198 905 1248 960 eo,
1272 886 1361 964 quod
1384 887 1471 967 apud

209 990 377 1052 Philonem
408 989 554 1071 legebat,
584 1009 649 1052 non
676 1011 759 1072 opus
788 1010 859 1053 esse
888 991 930 1052 ad
959 989 1084 1052 caelum
1114 990 1305 1065 ascendere,
1336 999 1472 1072 propter

212 1115 260 1169 ea,
294 1115 378 1176 quae
401 1104 650 1170 antecesserunt,
682 1115 756 1158 cum
779 1095 886 1158 ibide
915 1093 1077 1157 itineribus
1102 1114 1161 1176 per
1182 1104 1284 1158 terras
1307 1097 1471 1178 mariaque

209 1201 360 1265 faciendis
390 1201 493 1263 oratio
522 1208 616 1275 esset,
647 1201 691 1263 ita
717 1201 891 1263 mutavisse
919 1201 1080 1281 putandus
1111 1208 1169 1262 est.
1204 1237 1245 1247 -
1274 1201 1311 1263 In
1339 1201 1384 1275 iis,
1416 1202 1469 1280 qui

209 1315 377 1389 praeterea
408 1307 514 1370 insunt
542 1306 660 1369 Iudaici
690 1306 765 1380 loci,
803 1326 846 1368 ex
886 1305 1056 1372 contrario.
1072 1306 1117 1368 sic
1147 1325 1181 1368 se
1212 1306 1310 1369 habet
1324 1327 1404 1380 τες,
1435 1316 1470 1368 ut

208 1433 228 1474 a
257 1412 389 1475 Philone
422 1412 631 1494 abhorreant:
677 1431 751 1473 nam
793 1411 868 1473 mihi
902 1411 1032 1490 quidem
1068 1431 1133 1473 non
1168 1412 1303 1493 contigit
1338 1412 1370 1473 in
1398 1410 1470 1471 Phi·

208 1516 290 1580 lonis
331 1517 419 1580 libris
464 1537 568 1598 neque
607 1517 710 1597 ipsam
743 1536 859 1578 vocem
895 1514 1149 1598 ὐλοκαριιώματος
1188 1536 1292 1596 neque
1326 1517 1469 1597 ineptam

208 1622 306 1701 illam,
332 1642 416 1702 quae
438 1642 469 1703 p.
492 1621 556 1701 456
579 1621 769 1702 proponitur
789 1621 1085 1702 interpretationem
1095 1622 1120 1702 1)
1148 1621 1372 1704 (οὐρανομήκεις
1394 1620 1470 1681 ἕστε-

207 1725 344 1806 λέχωσιιν
365 1725 483 1809 δρετώς,
501 1764 539 1775 -
558 1724 703 1786 ἀθάνατα
726 1724 804 1809 ἔρνη,
827 1727 942 1810 καρπὸν
963 1725 1093 1810 φέροντα
1117 1727 1307 1806 εὐδαιμονίας
1329 1724 1469 1787 οὐδέποτε

208 1833 347 1913 λήγοντα,
369 1830 389 1912 ἢ
412 1830 453 1904 ώς
472 1854 558 1908 τινες,
580 1833 615 1893 οὐ
636 1830 775 1914 φέροντα,
799 1831 864 1893 ἀλλ’
888 1834 966 1893 αὐτὰ
988 1831 1061 1893 ὄντα
1083 1832 1283 1911 εὐδαιμονίαν,
1307 1831 1327 1892 δί
1350 1834 1470 1910 Μωσῆς

209 1938 336 2018 ὀνόματι
359 1935 498 2020 συνθίτῳ
520 1941 622 1997 καλεῖν
643 1935 753 1997 εἴωθεν
781 1936 1032 2018 δλσκαρπώματα.
1078 1935 1145 1998 Ἐπί
1174 1937 1230 2017 μὲν
1259 1939 1316 2021 γὰρ
1345 1945 1408 1998 τών
1436 1936 1468 1996 ἐκ
1524 1973 1525 1976 =

208 2054 261 2126 γής
280 2041 514 2122 βλαστανόντων
537 2065 563 2106 κ.
576 2065 602 2102 τ.
615 2044 664 2124 λ),
688 2043 849 2124 indagare.
901 2043 1009 2106 Etiam
1032 2063 1079 2118 ea,
1103 2063 1186 2123 quae
1209 2047 1248 2107 de
1270 2043 1467 2105 Essaeorum

208 2149 352 2211 moribus
375 2147 589 2227 institutisque
611 2157 787 2222 narrantur,
811 2149 852 2210 ab
876 2149 921 2222 iis,
946 2168 1029 2228 quae
1049 2149 1140 2212 Philo
1163 2150 1203 2211 de
1233 2149 1292 2211 illis
1316 2145 1464 2230 perhibet

208 2255 308 2338 (apud
330 2253 507 2315 Eusebium
537 2273 648 2334 praep.
677 2253 822 2334 evangel.
846 2253 925 2315 VIII
959 2254 1005 2334 ιι)
1034 2256 1225 2336 discrepant.
1278 2253 1362 2315 Nam
1392 2271 1466 2314 eum

206 2358 298 2421 Philo
330 2368 457 2440 praeter
484 2367 592 2420 cetera
621 2358 652 2419 in
681 2358 717 2419 iis
748 2357 863 2431 laudet,
895 2359 982 2437 quod
1013 2358 1047 2441 (ξ
1071 2361 1100 2441 8)
1130 2358 1227 2439 γάμον
1254 2360 1468 2442 παρῃτήσαντο

205 2465 283 2546 μετὰ
305 2473 359 2524 τοῦ
380 2461 584 2545 διαφερόντως
605 2464 707 2524 ἀσκεῖν
728 2462 911 2545 ἐγκράτειαν,
941 2464 1033 2526 huius
1056 2464 1228 2547 ἐγκρατείας
1249 2466 1300 2528 hle
1323 2464 1408 2527 nulla
1431 2463 1467 2526 fit

208 2571 345 2645 mentio;
369 2578 537 2650 praeterea
552 2568 640 2648 quod
655 2567 705 2631 hic
721 2569 805 2631 laudi
822 2569 866 2631 eis
881 2570 1037 2645 tribuitur,
1054 2572 1142 2649 quod
1159 2570 1263 2642 δούλος
1278 2567 1349 2651 παρ’
1366 2571 1468 2640 αὐτοῖς

208 2674 278 2737 οὐδὲ
296 2669 338 2748 εἷς
360 2671 450 2750 ἐστιν,
480 2693 591 2736 servos
621 2675 708 2755 apud
737 2673 808 2736 illos
838 2674 933 2737 luisse
955 2674 1047 2737 Philo
1075 2677 1237 2757 expressis
1265 2675 1371 2738 verbis
1401 2695 1466 2737 non

205 2782 281 2844 dicit
303 2781 356 2842 ille
379 2780 519 2861 quidem,
544 2780 602 2841 sed
617 2779 694 2840 satis
708 2788 795 2841 certe
811 2779 937 2851 indicat,
957 2800 1030 2842 cum
1046 2790 1153 2843 narrat
1175 2785 1208 2861 (ξ
1225 2783 1254 2863 3)
1280 2779 1384 2841 ἴδιον
1406 2800 1463 2842 eos

206 2887 382 2965 κτήσασθαι
403 2885 437 2944 τὸ
458 2876 595 2965 παράπαν
610 2881 705 2959 οὐδὲν,
722 2885 775 2944 οὐκ
800 2884 905 2960 οἰκίαν,
929 2887 996 2945 οὐκ
1018 2878 1276 2965 ἀνδράποδον,
1300 2888 1335 2948 οὐ
1353 2888 1465 2968 χωρίον

205 3015 234 3058 κ.
251 3014 279 3053 τ.
295 2995 334 3068 λ.,
358 2989 446 3071 quod
468 2989 519 3051 hic
542 2988 683 3068 κωμηδὸν
704 2989 847 3051 habitare
863 2998 1037 3063 narrantur,
1062 2992 1116 3064 τὰς
1130 2991 1231 3064 πόλεις
1245 2991 1463 3071 ἐκτρεπόμεναι,

206 3097 292 3179 apud
307 3093 473 3158 Philonem
496 3097 529 3174 (ξ
547 3110 572 3156 1.
586 3095 615 3174 2)
632 3092 746 3156 οικούσι
761 3096 872 3167 πολλὰς
883 3093 940 3173 μὲν
956 3095 1088 3169 πόλεις
1101 3105 1156 3177 γῆς
1168 3092 1328 3172 Ἰουδαίας,
1355 3098 1466 3168 πολλὰς

208 3201 241 3263 δὲ
269 3200 374 3280 κώμας
396 3201 444 3260 καί
466 3199 684 3282 μεγώλουςικαί
707 3199 966 3281 πολυανθρώπους
988 3201 1109 3279 ὁμίλους
1118 3203 1155 3284 ²).

205 3341 409 3350 -------

292 3404 315 3471 1)
335 3399 532 3472 ὁλοκώρπωμα,
558 3420 623 3469 quae
644 3420 695 3454 vox
719 3405 744 3452 in
766 3405 825 3454 solis
848 3406 924 3455 sacris
947 3405 1017 3455 libris
1035 3415 1112 3470 atque
1129 3406 1164 3455 ibi
1181 3406 1305 3457 rarissime
1322 3406 1461 3472 invenitur,

205 3511 306 3561 prorsus
324 3494 400 3543 aliam
418 3493 496 3542 habet
514 3493 573 3551 vim,
594 3501 670 3557 atque
688 3494 728 3542 hic
746 3493 768 3542 ei
793 3495 887 3544 tribuit.
925 3495 1015 3559 Neque
1038 3495 1105 3542 enlm
1129 3495 1298 3559 compositum
1316 3503 1362 3553 est,
1391 3495 1461 3559 quod

204 3584 246 3632 hic
270 3583 332 3641 vult,
359 3599 389 3632 ex
414 3574 477 3640 ὅλος
500 3592 524 3630 et
547 3575 661 3652 καρπός,
684 3583 728 3631 sed
752 3583 917 3632 derivandum
941 3586 1100 3653 ακαρποῦν
1117 3582 1251 3631 fruendum
1269 3583 1359 3631 offerre
1376 3583 1459 3631 Levit.

205 3685 229 3731 2,
256 3685 283 3720 11
315 3669 360 3734 (οὐ
388 3673 552 3740 προσοίσετε
578 3665 621 3723 ἐπ’
642 3669 729 3722 αὐτοῦ
755 3671 902 3740 καρπώσαι
925 3670 964 3738 τῷ
987 3669 1104 3741 Κυρίῳ),
1130 3674 1310 3743 καρποῦσθαι
1334 3666 1461 3737 (ὁλοκαρ-

203 3758 341 3823 ποῦσθαι)
365 3759 498 3809 fruendum
525 3760 607 3808 offerri
626 3757 714 3823 (Siras.
733 3769 776 3823 45,
798 3771 829 3819 14
853 3763 951 3811 θυσίαι
970 3758 1056 3812 utitor]
1068 3753 1352 3829 ὁλοκαρπωθήσουται
1372 3762 1460 3822 καθη·

203 3846 312 3920 μίραν),
333 3856 361 3897 ut
379 3847 410 3897 sit
429 3863 536 3906 sacrum,
555 3848 626 3912 quod
644 3855 726 3896 totum
746 3847 859 3906 offertur,
879 3855 904 3898 et
924 3864 1026 3912 prorsus
1050 3848 1157 3898 eandem
1179 3849 1273 3897 habeat
1296 3848 1355 3906 vim,
1385 3854 1460 3912 atque

204 3931 399 4006 ὃλοκαὺτωμα,
423 3935 467 3999 qui
491 3937 585 3984 factum
607 3942 653 3993 est,
674 3946 701 3984 ut
720 3935 837 3984 omnibus
854 3936 925 3994 locis,
945 3936 989 3984 ubi
1013 3936 1039 3984 in
1061 3936 1115 3984 aliis
1132 3936 1202 3984 libris
1220 3936 1336 3998 occurrit,
1362 3936 1388 3985 in
1406 3935 1460 3985 aliis

204 4042 250 4090 pro
270 4043 300 4075 eo
319 4019 504 4094 ὁλοκαύτωμα
522 4024 630 4088 legatur.
667 4024 768 4072 Praeter
786 4017 978 4095 ὁλοκιιρπωμα
996 4032 1077 4075 exstat
1088 4026 1121 4072 ab
1139 4025 1229 4073 eodem
1247 4029 1376 4094 καρποῦν
1395 4025 1458 4074 deri·

203 4114 314 4162 vandum
338 4106 545 4183 ὀλοκοίριιωσις;
578 4128 601 4161 e.
622 4129 662 4177 gr.
687 4113 753 4162 Gen.
777 4125 808 4161 22
833 4113 964 4162 Abrabam
987 4111 1066 4162 filiurn
1093 4114 1165 4163 Isaac
1195 4115 1234 4171 τις
1261 4108 1459 4183 ὁλοκοίρπωσιν

203 4201 280 4250 ducit.
383 4218 385 4226 ¹

290 4285 314 4353 Ἰ)
332 4289 481 4338 Accuratius
503 4288 635 4352 inquirere,
664 4304 729 4353 quae
753 4289 817 4338 inter
835 4305 873 4348 ea,
894 4305 959 4355 quae
977 4289 1018 4338 hic
1033 4290 1065 4338 de
1077 4290 1175 4339 Essaeis
1189 4297 1329 4349 narrantur,
1343 4306 1458 4355 quaeque

203 4377 276 4426 Philo
292 4377 419 4442 Josephus
437 4376 478 4425 alii
496 4376 528 4426 de
546 4377 576 4424 iis
594 4387 704 4435 narrant,
725 4378 865 4427 intercedat
881 4379 953 4437 ratio,
973 4394 1025 4427 non
1042 4378 1115 4427 huius
1133 4385 1170 4428 est
1181 4379 1343 4443 quaestionis.
1371 4379 1460 4442 Quam.
