3276 5040
679 400 891 466 ,51-

158 556 335 639 sumpsisse
357 576 432 619 cum
455 562 589 637 propter
610 577 658 633 ea,
683 577 765 637 quae
788 556 819 617 in
841 556 998 636 proximis
1027 556 1059 617 in
1080 555 1211 618 homine
1234 556 1416 636 quaerenda

157 683 229 727 esse
252 662 328 725 dicit
348 699 392 713 -
414 681 510 724 unam
534 660 701 723 εὐπάθειαι
723 661 844 736 adfer0,
868 663 908 723 de
932 683 995 743 qua
1010 659 1049 724 cf.
1067 660 1170 723 Zeller
1185 661 1229 722 Ill
1250 677 1285 740 13
1305 681 1336 742 p.
1355 660 1415 723 268
1468 645 1478 663 ⁸

159 806 208 844 —,
232 778 301 830 tum
324 775 458 849 propter
482 787 529 842 ea,
554 787 637 848 quae
659 768 701 829 de
724 768 846 830 mundo
868 768 977 848 quaeri
994 766 1099 830 iubet:
1122 786 1196 829 nam
1213 764 1313 828 Stoici
1329 786 1416 828 mun·

157 875 234 937 dum
258 873 332 957 ζῷον
354 871 571 954 appellabant,
595 871 694 935 Stoici
710 873 864 935 mundum
882 870 1033 951 ἡνωμένον
1051 893 1121 935 esse
1137 871 1286 936 dicebant
1302 871 1417 953 (Zeller

160 981 241 1062 ib.p.
256 980 327 1059 169)
342 988 374 1041 et
386 979 497 1057 δεσμὸν
508 998 579 1042 esse
590 973 766 1061 iudaeae),
782 987 950 1060 praeterea
960 978 1000 1042 cf.
1012 978 1136 1042 Seneca
1147 999 1197 1060 ep.
1215 994 1281 1053 110,
1295 979 1362 1058 84).
1377 1014 1417 1024 —

162 1087 227 1146 »Τὸ
254 1084 287 1146 δι’
309 1085 414 1166 ὀλίγον,
446 1083 469 1145 εἰ
493 1086 542 1146 καὶ
565 1084 701 1159 σπάνιον,
731 1086 784 1145 οὐκ
806 1086 1022 1168 ἀνύπαρκτον(
1070 1084 1269 1146 Adferuntur
1290 1093 1415 1164 septem

158 1191 328 1272 sapientes,
354 1190 451 1271 Magi,
476 1189 784 1272 Gymnosophistae,
801 1189 982 1272 calanus).
1027 1191 1062 1252 ln
1077 1190 1140 1252 hoc
1156 1190 1311 1264 laudatur,
1328 1190 1416 1268 quod

159 1296 358 1368 Alexandm,
383 1286 439 1375 qui
459 1317 533 1358 eum
555 1297 586 1358 in
605 1294 775 1358 Graeciam
796 1316 906 1358 secum
926 1298 1044 1358 ducere
1058 1295 1190 1358 volebat
1206 1304 1238 1356 et
1253 1294 1415 1356 nolentem

159 1422 193 1464 se
224 1409 411 1464 coacturum
442 1423 513 1464 esse
541 1402 730 1477 minabatur,
761 1411 828 1463 tam
857 1401 981 1465 fortiter
1011 1401 1219 1482 responderit,
1250 1408 1416 1482 praeterea

159 1506 287 1569 eiusde
310 1507 424 1569 eadem
447 1528 481 1570 re
502 1507 640 1589 epistula
662 1508 703 1569 ad
726 1507 951 1569 Alexandrum
980 1508 1077 1569 missa
1105 1505 1335 1587 adscribitur).
1380 1505 1415 1567 In

158 1612 243 1674 hunc
272 1613 386 1675 cadere
411 1612 549 1674 Zenonis
576 1612 668 1674 illud:
704 1610 825 1675 facilius
853 1633 923 1675 esse
954 1622 1057 1675 utrem
1086 1613 1274 1692 demergere
1304 1612 1416 1692 spiritu

160 1719 335 1792 intentum,
367 1737 466 1797 quam
496 1719 599 1780 virum
629 1718 768 1799 probum
799 1738 926 1799 cogere,
959 1727 994 1780 ut
1021 1719 1137 1780 invitus
1169 1717 1288 1799 aliquid
1312 1716 1415 1778 faciat.

163 1824 337 1885 »Immotus
359 1823 445 1885 enim
467 1831 501 1885 et
522 1825 656 1886 invictus
678 1832 727 1885 est
749 1822 881 1898 animus,
905 1843 1002 1902 quem
1025 1833 1112 1886 recta
1142 1824 1222 1886 ratio
1250 1821 1350 1884 firmis
1372 1842 1416 1884 ra·

158 1929 263 2009 tisque
285 1929 421 1991 decretis
443 1928 691 1991 corroboravit«
717 1964 758 1974 —
781 1929 872 1990 Haec
894 1936 967 1991 sunt
989 1929 1150 2010 exempla,
1175 1948 1257 2009 quae
1280 1926 1361 1989 libro
1377 1928 1417 1990 de

161 2032 309 2095 libertate
330 2033 483 2114 sapientis
505 2034 674 2097 tribuenda
695 2054 766 2096 esse
789 2034 882 2096 nobis
903 2034 1057 2097 videntur.
1104 2034 1206 2096 Recte
1227 2044 1335 2095 autern
1359 2053 1417 2095 nos

160 2139 345 2201 iudicavisse
367 2138 418 2200 vel
442 2160 482 2201 eo
502 2139 726 2214 confirmatur,
762 2141 850 2220 quod
878 2139 1104 2221 exemplorum
1133 2139 1231 2201 series
1253 2138 1417 2219 aptissime

162 2245 298 2307 Zenonis
320 2246 407 2306 dicto
430 2243 637 2308 concluditur.

242 2350 427 2430 Sequuntur
448 2351 646 2413 testimonia:
696 2351 886 2413 »Libertatis
917 2360 1041 2424 autem,
1072 2371 1156 2431 quae
1183 2349 1214 2410 in
1240 2349 1333 2411 bonis
1357 2356 1416 2422 est,

159 2465 259 2518 testes
274 2465 348 2517 sunt
364 2464 482 2537 poetae
498 2466 530 2517 et
546 2457 728 2537 scriptores,
753 2475 891 2535 quorum
914 2456 1079 2519 sententiis
1103 2455 1217 2519 Graeci
1240 2463 1273 2516 et
1285 2452 1417 2515 Barbari

160 2561 232 2623 inde
262 2581 281 2623 a
311 2561 417 2642 pueris
448 2562 554 2622 nutriti
578 2561 763 2623 erudiuntur
791 2570 824 2623 et
853 2562 1081 2643 corriguntur«
1136 2561 1418 2624 Commemoratur

160 2665 326 2743 Hercules,
351 2667 405 2745 qui
428 2675 476 2728 est
499 2668 530 2727 in
550 2665 711 2747 Euripidis
727 2665 837 2746 Syleo,
862 2687 925 2748 qua
948 2687 990 2729 ex
1012 2666 1120 2730 fabula
1142 2666 1285 2730 nonnulli
1306 2685 1417 2727 versus

160 2773 305 2846 citantur,
336 2773 390 2852 qui
418 2779 547 2853 praeter
575 2773 714 2852 primum
745 2771 961 2854 fragmentum
990 2772 1053 2836 hoc
1083 2794 1146 2837 uno
1177 2773 1250 2836 loco
1277 2779 1416 2834 exstant.

251 2963 273 3030 l)
293 2965 330 3014 M.
354 2966 453 3014 Anton.
473 2965 522 3013 VlI
541 2977 568 3026 9:
604 2959 698 3016 πάνια
716 2958 844 3029 ἀλλήλοις
861 2961 1040 3018 tutaremus
1058 2969 1105 3017 καὶ
1125 2960 1141 3031 ἡ
1166 2963 1334 3022 σόνιλεσις
1358 2958 1417 3031 ἱερὰ

161 3057 209 3105 καὶ
233 3048 335 3122 σχεδόν
351 3072 378 3105 τι
403 3051 487 3106 οὐδὲν
505 3046 650 3122 ἀλλότριον
670 3045 737 3104 ἄλλο
756 3048 839 3121 ἄλλῳ.
875 3057 1137 3122 Συγκαιατέτακται
1157 3049 1211 3125 γὰρ
1231 3057 1278 3106 καὶ
1300 3067 1417 3122 συγκοσ-

159 3147 209 3212 μεῖ
225 3137 275 3195 τὸν
296 3137 381 3193 αὐτόν
398 3135 505 3211 κόσμον
522 3160 545 3192 κ.
557 3161 580 3192 r.
593 3142 616 3191 λ.

247 3229 269 3294 ²)
288 3223 370 3290 οὗτος
387 3257 400 3267 -
421 3225 454 3282 οὐ
476 3224 567 3302 μόνον
592 3227 795 3299 ὑπ’ἔγχωρίων,
824 3227 894 3285 ἀλλὰ
916 3234 963 3283 καὶ
988 3230 1058 3297 πρὸς
1081 3227 1249 3301 ἀλλοφύλων
1274 3231 1330 3296 (καὶ
1357 3230 1416 3279 add.

160 3322 262 3385 Mang.)
283 3315 300 3372 ό
317 3320 352 3385 δὴ
371 3315 567 3373 σπανιώτατόν
588 3322 672 3385 ἔστιν,
690 3321 799 3393 ἐχθρῶν
817 3323 954 3388 βασιλέων
974 3312 1152 3391 ἐθαυμάσθη.

245 3407 267 3472 ⁸)
284 3411 354 3458 Duas
372 3410 417 3457 has
436 3409 548 3458 eiusdem
566 3411 601 3460 rei
619 3411 774 3459 narrationes
795 3426 848 3459 esse
866 3412 943 3475 paulo
963 3411 1074 3459 diversas
1091 3427 1166 3459 nemo
1184 3426 1235 3459 non
1254 3409 1337 3458 videt:
1358 3425 1416 3457 nam

161 3513 261 3562 prorsus
279 3513 461 3562 supervacuum
478 3506 531 3547 erat
548 3499 694 3548 Alexandro
712 3499 844 3563 epistulam
863 3502 960 3550 mittere
978 3501 1011 3548 (le
1028 3501 1117 3549 eadem
1136 3515 1171 3555 re,
1198 3514 1273 3562 quam
1292 3497 1416 3562 praesenti

160 3587 338 3650 denegaverat.
375 3588 506 3637 Praeterea
524 3588 619 3638 dictum
639 3584 720 3652 (quod
742 3589 800 3637 huic
822 3590 865 3637 uni
883 3589 1010 3652 debetur),
1037 3589 1117 3637 multo
1142 3587 1246 3637 facetius
1269 3595 1316 3644 est,
1341 3601 1416 3649 quam

159 3675 275 3738 epistula,
296 3677 365 3724 cuius
382 3677 550 3740 fragmentum
568 3677 636 3740 apud
656 3676 813 3726 Clementem
831 3685 920 3726 exstat.
941 3678 1035 3727 Strom.
1054 3679 1090 3726 IV
1111 3689 1132 3739 7.
1152 3676 1202 3740 586
1221 3677 1253 3724 P:
1278 3670 1373 3726 Ἰνδῶν
1390 3675 1418 3725 οἱ

161 3760 316 3833 φιλόσοφοι
332 3758 500 3834 Ἀλεξάνδρῳ
519 3763 632 3833 λέγουσι
659 3766 698 3833 τῷ
717 3759 864 3817 Μακεδόνι
888 3762 1021 3835 ,σώματα
1047 3765 1101 3835 μὲν
1127 3762 1252 3834 petrifiate
1275 3760 1304 3811 ἐκ
1328 3757 1416 3814 τόπου

160 3855 199 3909 εἰς
216 3846 314 3912 τόπον,
331 3849 425 3922 ψυχὰς
443 3848 602 3923 δ’ἡμειέρας
620 3848 670 3903 οὐκ
687 3848 855 3920 ἀναγκάσεις
874 3859 965 3906 ποιεῖν
984 3850 1003 3906 ιλ
1022 3852 1062 3924 μὴ
1080 3848 1253 3922 βουλόμεθα.
1291 3853 1352 3920 ΙῙῡρ
1371 3846 1417 3902 ἆν-

162 3935 287 4010 θριόποις
309 3946 444 4011 μέγιστον
461 3936 651 4014 κολαστήριον,
677 3936 778 3994 τούτου
804 3939 880 4011 ἡμεῖς
897 3946 1140 4015 καταφρονοῦμεν,
1175 3943 1314 4007 Epistulam
1333 3950 1416 3990 autem

162 4031 197 4079 sic
224 4033 368 4081 emendavit
392 4032 616 4081 Wilamowitzius:
646 4027 696 4083 οόκ
720 4031 778 4083 ἔστι
805 4029 932 4098 βασιλεὺς
957 4029 1024 4086 οὐδὲ
1050 4025 1144 4101 ἄρχων
1174 4022 1250 4095 (οὔτε
1274 4028 1360 4091 codd.)
1382 4057 1417 4065 -

162 4117 255 4188 λόγοις
272 4120 340 4188 ἔργα
360 4114 425 4190 παρ’
447 4114 516 4189 ἡμῖν
533 4114 680 4172 ἀκόλουθα
705 4123 748 4171 καὶ
777 4119 871 4188 ἔργοις
895 4114 985 4189 λόγοι,
1005 4126 1119 4190 βραχεῖς
1141 4119 1221 4190 μὲν,
1248 4113 1334 4169 ἀλλὰ
1356 4135 1416 4187 με·

161 4202 274 4275 γόλην
294 4203 391 4274 (ἄλλην
407 4207 494 4272 codd.)
518 4209 616 4274 ἔχουσι
640 4202 771 4277 δύναμιν,
797 4211 907 4258 Zenonis
928 4211 1024 4260 dictum
1043 4208 1232 4274 (Wachsmuth,
1258 4207 1290 4255 de
1314 4208 1418 4256 Zenone

163 4296 265 4346 Citiensi
282 4304 307 4346 et
325 4297 448 4347 Cleanthe
465 4297 541 4346 Assio
558 4304 694 4348 comment.
714 4298 725 4345 l
746 4315 771 4362 p.
792 4298 832 4362 7):
859 4299 969 4351 θᾶσσον
992 4291 1028 4351 όν
1051 4301 1186 4366 βαπτίσαι
1204 4324 1238 4332 -
1255 4289 1272 4362 ἢ
1289 4291 1418 4362 βιάσαιτο

161 4382 212 4437 τόν
232 4385 390 4439 σπουδαῖον
408 4381 536 4447 όστιςοῡν
556 4379 698 4452 (bravum
716 4386 803 4451 codd.)
819 4387 977 4452 Mangeyns:
997 4389 1149 4453 βαπτίσαιο
1167 4415 1200 4423 -
1218 4378 1340 4452 ῥιόσαισ.

1179 4468 1216 4533 4.
