3276 5040
691 387 904 454 „37-

168 540 226 604 Ad
247 541 328 605 haec
351 541 495 606 conferre
518 541 621 617 liceat,
645 560 728 624 quae
750 543 837 624 apud
848 543 1026 621 Philonem,
1049 543 1090 606 de
1113 550 1200 625 post.
1222 541 1312 606 Caini
1328 538 1342 604 Ι
1360 557 1430 622 252,

168 644 327 730 leguntur,
352 655 441 709 τοῦτο
463 641 560 709 δ’ἐστὶ
583 648 619 708 τὸ
637 646 912 729 ιλογματικώτατον,
936 648 982 709 ὅτι
1005 648 1021 709 ὅ
1043 647 1136 730 σοφός
1153 645 1247 726 μόνον
1273 644 1433 729 ἐλεύθερός

167 774 200 816 τε
222 754 272 815 καὶ
295 755 406 838 όρχων,
427 749 484 813 κᾶν
504 753 630 835 μυρίους
651 762 706 814 τοῦ
727 751 867 832 σώματος
890 750 942 838 λ’χη
965 752 1121 825 δεσπότας.
1154 751 1333 816 Pleniorem
1349 754 1432 815 hanc

167 858 327 942 paradoxi
355 858 493 922 sormam
527 879 547 922 a
575 858 708 921 Philone
749 865 910 922 servatam
944 859 1019 922 alibi
1055 857 1132 921 mihi
1167 857 1329 922 occurisse
1366 876 1431 920 non

168 965 310 1030 memini.

257 1069 483 1133 »Exclamabit
506 1069 591 1132 enim
614 1067 787 1151 Sophoclis
807 1066 902 1132 illud:
927 1068 1018 1131 Deus
1041 1067 1117 1130 mihi
1142 1069 1301 1150 prInceps,
1333 1087 1430 1130 nemo

166 1173 362 1250 mortalium,
381 1192 456 1237 nam
475 1194 509 1237 re
531 1193 608 1237 vera
631 1175 657 1235 is
678 1172 767 1235 solus
789 1171 870 1235 liber
891 1182 950 1245 est,
978 1174 1032 1253 qui
1063 1174 1159 1236 deum
1190 1174 1306 1237 ducem
1329 1173 1430 1254 sequi-

166 1280 253 1362 tur¹)
284 1280 372 1362 (mea
394 1286 503 1343 autem
526 1279 685 1342 sententia
709 1297 774 1340 non
800 1276 881 1340 liber
903 1286 1038 1352 tanturn,
1068 1278 1126 1340 sed
1149 1287 1331 1340 ceterorum
1354 1278 1430 1350 dux,

165 1404 217 1447 res
246 1392 415 1448 terrestres
445 1385 504 1448 sibi
541 1383 701 1446 subiectas
738 1380 861 1444 habens
901 1381 1163 1465 [ἐπιτετραμμένος
1194 1377 1234 1443 τὰ
1262 1383 1430 1466 περι’γεια]).

165 1487 234 1552 Sed
256 1492 479 1572 quaestionem
503 1489 544 1552 de
567 1489 720 1569 sapientis
743 1487 922 1570 principatu
940 1488 972 1550 in
987 1488 1073 1550 aliud
1088 1498 1218 1569 tempus
1233 1488 1428 1563 differamus,

168 1615 252 1659 nunc
273 1597 314 1658 de
337 1595 485 1659 libertate
508 1614 662 1677 quaerere
684 1591 888 1675 propositum
911 1601 969 1655 est.
1007 1592 1099 1673 Εῑιλη
1119 1615 1165 1665 τις
1180 1591 1249 1655 εἷ’σιο
1271 1594 1431 1675 προελθὼν

165 1709 229 1762 τῶν
244 1695 428 1783 πραγμάτιον
443 1699 595 1779 ἐθελήσειε
608 1698 768 1777 διακόψαι,
783 1695 928 1778 γνώσεται
943 1706 1057 1781 σαφῶς,
1075 1699 1121 1759 ὅτι
1133 1699 1275 1780 κ.τ.λ,).<<
1309 1698 1429 1773 Verba,

165 1826 251 1888 quae
280 1808 368 1871 uncis
398 1806 599 1882 inclusimus,
632 1803 835 1885 compilatori
867 1803 1044 1866 tribuamus
1074 1813 1205 1886 oportet
1235 1802 1356 1866 eisdem
1390 1804 1430 1865 de

164 1913 286 1984 causiS,
319 1911 436 1993 quibus
466 1911 583 1987 verba,
614 1930 634 1970 a
662 1909 779 1989 quibus
807 1907 916 1990 incipit
945 1908 1040 1982 liber,
1070 1910 1098 1972 ei
1129 1908 1299 1973 tribuenda
1321 1917 1428 1971 erant:

167 2036 272 2097 neque
293 2018 379 2080 enim
404 2018 552 2099 quaestio
575 2016 616 2079 de
638 2014 818 2096 principatu
840 2014 993 2094 sapientis
1022 2033 1041 2075 a
1071 2016 1260 2096 quaestione
1291 2013 1331 2076 de
1362 2014 1429 2075 eius

166 2121 314 2185 libertate
337 2123 440 2185 dirimi
463 2129 583 2203 potest,
608 2139 691 2194 cum,
715 2120 740 2180 si
763 2118 926 2199 sapientes
948 2117 1008 2179 soli
1032 2118 1121 2181 liberi
1142 2132 1225 2198 sunt,
1246 2123 1430 2205 insipientes

165 2244 280 2289 omnes
302 2228 394 2303 servi,
417 2227 599 2289 necessario
622 2233 784 2304 sequatur,
809 2231 845 2285 ut
866 2221 910 2284 illi
933 2222 965 2285 in
991 2222 1053 2285 hos
1082 2224 1252 2305 imperium
1276 2226 1429 2299 habeant.

167 2332 281 2413 Itaque
311 2333 408 2395 etiam
438 2331 502 2395 hoc
533 2331 616 2393 libro
646 2330 739 2393 simul
771 2336 804 2390 et
834 2327 965 2390 libertas
995 2329 1147 2410 sapientis
1177 2339 1210 2394 et
1232 2333 1429 2414 principatus

164 2424 420 2501 demonstratur:
446 2438 488 2519 (p.
507 2451 589 2516 450:
614 2436 688 2517 πρὸς
710 2433 829 2505 οὐδενός
850 2427 902 2494 οὖν
917 2427 1114 2513 ἀναγκάζεται
1130 2428 1184 2496 ἅτε
1204 2460 1428 2521 καταπεφρονη-

165 2542 227 2616 κὼς
247 2541 303 2621 μὲν
326 2542 499 2626 ἀλγηδόνων
523 2579 564 2588 -
587 2541 670 2624 νόμῳ
692 2539 724 2600 (λε’
744 2539 863 2621 φύσειος
883 2537 1033 2618 ὑπηκόους
1055 2537 1131 2618 ἴχιον
1151 2536 1266 2613 πάντας
1287 2535 1428 2626 όιφρονας.

163 2641 274 2732 Ὅνπερ
289 2649 347 2730 γὰρ
361 2648 473 2730 τρόπον
488 2648 582 2729 αἰγῶν
597 2645 652 2726 μὲν
666 2682 708 2692 -
723 2643 840 2705 αἰπόλοι
857 2679 896 2688 -
919 2644 1106 2726 ἀφηγοῦνται
1121 2669 1149 2711 κ.
1165 2670 1192 2708 τ.
1209 2651 1235 2709 λ.
1262 2668 1293 2729 p.
1310 2662 1350 2728 45
1357 2648 1385 2727 3!
1390 2662 1430 2728 54

167 2755 242 2816 mali
264 2756 487 2829 admonentur,
512 2761 547 2815 ut
563 2751 760 2833 sapientibus
775 2748 959 2811 oboediant.
977 2770 1008 2831 p.
1024 2765 1089 2831 470
1103 2752 1135 2813 in
1150 2753 1429 2817 consummatione

167 2860 378 2940 quaestionis:
411 2860 463 2941 qui
495 2857 665 2920 virtutibus
693 2855 769 2918 vitia
796 2855 968 2935 superavit,
1001 2855 1026 2915 is
1055 2857 1099 2941 τῷ
1130 2857 1293 2942 ἀόουλώτῳ
1322 2858 1429 2919 unito

167 2965 291 3047 ἀρχικὸν
301 2965 504 3047 προσείληφε.)
539 2964 636 3025 Adde
649 2962 737 3043 quod
752 2960 925 3022 Philoneae
940 2969 990 3023 est
1000 2963 1239 3026 consuetudinis
1254 2964 1296 3026 ad
1311 2964 1427 3046 signifi-

167 3072 287 3133 candas
309 3089 359 3134 res
382 3077 549 3133 terrestres
571 3069 657 3149 ipsas
680 3065 837 3128 adiectivo
860 3065 1008 3147 περιγείοο
1031 3067 1091 3128 uti:
1123 3068 1164 3130 de
1187 3068 1289 3131 sacrif.
1314 3070 1427 3132 Abelis

167 3185 200 3238 et
219 3175 308 3239 Cain.
331 3176 346 3239 I
373 3176 446 3256 165:
471 3211 512 3221 —
534 3174 588 3235 τόν
610 3172 705 3254 σοφὸν
728 3169 864 3248 ἰσότιμον
885 3168 990 3253 κόσμῳ
1011 3170 1027 3229 ὁ
1047 3170 1120 3243 θεὸς
1148 3173 1247 3253 ἤγαγε,
1279 3177 1322 3257 τῷ
1345 3177 1428 3260 αὐτῷ

167 3279 246 3365 λόγῳ
268 3282 317 3341 καὶ
340 3281 375 3342 τὸ
397 3291 457 3341 πᾶν
478 3278 672 3361 ἐργαζόμενος
694 3276 744 3335 καὶ
767 3275 820 3335 τόν
842 3273 953 3336 τέλειον
975 3276 1035 3335 ἀπὸ
1049 3284 1110 3337 τῶν
1132 3278 1287 3359 περιγείαιν
1309 3274 1428 3362 ἀνόγιον

167 3386 208 3458 ὡς
229 3381 346 3451 ἔαυτόν.
389 3386 436 3447 Οὐ
456 3385 517 3464 μὴν
540 3382 607 3445 οὐδὲ
629 3383 678 3443 ὅτε
694 3389 757 3453 τοῖς
779 3381 934 3463 περιγείιιις
956 3403 984 3446 κ,
999 3402 1026 3444 τ.
1044 3379 1072 3444 λ.
1109 3381 1123 3441 Ι
1144 3383 1216 3459 642,
1234 3386 1262 3446 8.
1286 3386 1359 3463 641,
1374 3403 1425 3464 40.

166 3491 291 3570 11213,
318 3494 346 3554 8.
372 3490 442 3564 226,
468 3505 517 3551 2ο.
542 3524 584 3534 -
606 3489 707 3569 Apud
730 3488 867 3550 eundem
891 3484 961 3547 eibo
983 3485 1166 3569 διακόπτειν,
1199 3498 1234 3551 ut
1263 3488 1315 3553 hic
1341 3511 1426 3553 usur·

132 3617 135 3623 ·
166 3606 289 3676 patum,
312 3597 440 3677 saepius
460 3594 633 3656 invenitur:
657 3613 685 3656 e.
705 3610 752 3673 gr.
770 3592 800 3654 ΙΙ
819 3590 870 3666 62,
894 3593 947 3671 qui
971 3591 1060 3654 locus
1077 3594 1150 3656 huic
1165 3602 1215 3656 est
1230 3595 1424 3660 simillimus:

253 3822 277 3887 1)
295 3823 438 3872 Stoicorum
450 3821 500 3870 hoc
509 3836 563 3869 esse
576 3826 739 3884 praeceptum
748 3824 836 3866 notum
846 3824 896 3865 est:
917 3816 987 3866 locos
998 3817 1018 3866 si
1028 3817 1083 3882 quis
1090 3817 1197 3881 quaerit,
1210 3819 1306 3868 adsero:
1318 3820 1426 3884 Epictet.

167 3910 240 3960 diatr.
259 3911 272 3959 I
294 3922 333 3969 12,
352 3921 383 3976 5:
401 3911 427 3961 εἰ
438 3903 493 3977 γὰρ
511 3903 551 3979 μή
570 3909 624 3959 εἰσι
642 3906 714 3966 θεολ,
728 3905 788 3965 πῶς
806 3904 865 3957 ἐστι
876 3904 954 3964 τέλος
966 3903 1083 3958 ἕπεσθαι
1100 3909 1184 3965 θεοῖς.
1197 3906 1231 3957 ib.
1247 3919 1289 3969 30,
1303 3921 1329 3968 4.
1350 3909 1427 3965 τέλος

166 3996 198 4051 di
218 4002 259 4060 rt;
276 3992 309 4050 τὸ
328 4000 372 4049 σοὶ
389 3996 465 4065 (θεῷ)
484 3993 653 4050 ἀκολουθεῖν
671 3996 703 4047 cs.
721 3995 757 4044 IV
780 4009 801 4055 1,
822 3994 864 4057 89.
882 4009 917 4028 -·⁶
935 3994 1041 4055 Seneca,
1061 3996 1104 4046 vit.
1122 3996 1189 4044 beat.
1211 4005 1250 4059 15,
1272 4005 1299 4058 5:
1321 3995 1426 4046 habebit

166 4087 230 4136 illud
248 4086 274 4136 in
292 4088 377 4136 animo
395 4094 467 4136 vetus
485 4095 663 4151 praeceptum:
684 4085 760 4134 deum
777 4097 892 4146 sequere.
912 4099 952 4148 ep.
974 4084 1014 4143 16,
1035 4094 1075 4149 52*
1092 4084 1155 4132 haec
1173 4081 1360 4149 (philosophia)
1379 4084 1425 4133 do·

166 4175 240 4233 cebit,
266 4182 294 4224 ut
317 4175 395 4224 deum
418 4175 539 4240 sequaris,
565 4174 630 4223 feras
653 4189 746 4222 casum.
782 4170 869 4222 Benei.
888 4172 926 4220 IV
944 4182 986 4235 25,
1009 4184 1037 4222 1:
1061 4171 1221 4236 propositum
1239 4179 1275 4221 est
1294 4172 1369 4221 nobis
1387 4186 1425 4220 se·

166 4263 277 4312 cundum
296 4277 377 4312 rerum
395 4271 511 4313 naturam
530 4262 614 4311 vivere
632 4269 658 4311 et
675 4261 781 4310 deorum
799 4260 944 4326 exemplum
963 4261 1042 4325 sequi.
1073 4261 1109 4309 M.
1121 4262 1218 4310 Anton.
1236 4260 1289 4309 XII
1303 4271 1345 4321 27.
1370 4255 1425 4326 ὅσῳ

165 4347 399 4422 φιλοσοφώτερον
416 4347 654 4409 τὸ-ἑαυτὸν-όεοῖς
671 4345 810 4418 ἑπόμενον
828 4344 938 4419 ἀφελῶς
957 4349 1097 4419 παρέχειν.
