3276 5040
714 362 928 425 ,19-

190 515 308 577 nemini
338 515 396 577 nisi
427 516 489 578 deo
519 515 578 597 ipsi
607 519 746 581 tribuere
769 537 865 580 ausus
887 526 945 590 est,
969 516 1024 596 (de
1046 513 1185 578 Cherub.
1208 516 1222 577 Ι
1249 529 1323 596 154:
1358 516 1450 596 μόνος

189 619 302 690 ὁθεδς
324 620 468 696 ἀψευδοῦς
489 615 631 702 ἑορτάζει.
676 623 741 683 Καὶ
761 622 819 703 γὰρ
840 621 931 700 μόνος
951 621 1042 703 γήθει
1072 619 1121 681 καὶ
1151 618 1243 698 μόνος
1267 622 1367 704 χαίρει
1398 623 1447 683 καὶ

187 724 280 803 μόνος
308 725 498 807 εὐφραίνεται
527 727 576 784 καὶ
609 727 694 810 μόνην
732 727 787 806 τὴν
822 729 915 808 ἀμιγῆ
947 724 1078 804 πολέμου
1110 723 1299 805 συμβέβηκεν
1331 725 1450 808 εἰρήνην

190 831 281 910 όίγειν.
324 824 455 902 ’Άλοπός
487 829 553 892 ,ἔστι
592 833 641 892 καί
676 832 792 914 ἄφοβος
822 833 871 891 καὶ
904 829 1103 910 ἀκοινώνητος
1133 839 1250 907 κακῶν,
1283 830 1446 907 ἀνῖνδοτος,

188 932 349 1011 ἀνώδονος,
379 935 485 1014 ἀκμὴς,
513 935 703 1015 εὐδαιμονίας
724 936 858 1016 ἀκράτου
879 935 998 1014 μεστός.
1021 936 1063 997 de
1085 955 1171 998 nom.
1195 944 1309 1003 mutat.
1331 937 1345 998 I
1367 937 1446 999 606:

189 1041 283 1119 πολλὴ
304 1038 337 1100 δι’
359 1041 463 1120 ἀγνοια
484 1040 689 1119 νομίζειντὰς
711 1045 788 1101 θεοῦ
809 1043 918 1122 ἀρετὰς
939 1041 995 1112 τὰς
1016 1042 1154 1122 ἀρρεπεῖς
1183 1041 1233 1101 καὶ
1256 1041 1449 1122 παραστάτας

184 1152 322 1226 χωρῆσαι
336 1146 441 1224 ψυχὴν
455 1143 622 1226 ἀνθρώπου
637 1147 808 1207 δύνασθαι·
825 1146 981 1226 ἀγαπητόν
995 1146 1052 1226 γὰρ
1073 1144 1189 1216 εἰκόνας
1213 1147 1314 1206 αὐτῶν
1339 1148 1448 1226 κτήσα-

189 1251 268 1308 σθαι
280 1249 449 1329 δυνηθῆναι
465 1252 584 1322 πολλοῖς
597 1252 647 1311 καὶ
662 1250 802 1332 μεγάλοις
813 1253 959 1330 ἀριθμοῖς
973 1259 1035 1310 τῶν
1045 1250 1222 1331 ἀρχετόπαιν
1232 1250 1449 1331 ε’λαττοομίνας

188 1377 216 1420 κ,
232 1376 259 1415 τ.
276 1354 305 1419 λ.
334 1357 375 1418 de
393 1354 517 1416 Abrah.
534 1355 637 1436 1129:
661 1356 802 1417 ἐπίλυπον
815 1354 872 1434 μὲν
881 1356 943 1437 γὰρ
964 1355 1000 1415 τὸ
1021 1364 1083 1416 τῶν
1104 1354 1279 1437 ἀνθρώπιον
1300 1356 1382 1438 γένος
1397 1360 1447 1419 καὶ

188 1457 319 1538 περιδεὲς
334 1495 374 1507 -
389 1460 502 1530 ἀλυπος
523 1458 557 1519 δὲ
578 1462 628 1521 καὶ
644 1461 759 1543 ἄφοβος
776 1463 825 1522 καὶ
842 1458 987 1540 ἀμέτοχος
1002 1462 1114 1532 παντὸς
1127 1459 1249 1532 πάθους
1267 1462 1286 1540 ἦ
1302 1471 1357 1521 τοῦ
1372 1467 1449 1524 θεοῦ

186 1564 284 1645 φῦσις,
299 1564 489 1642 εὐδαιμονίας
502 1565 552 1624 καὶ
567 1566 790 1648 μακαριότητος
804 1569 966 1636 παντελοῦς
978 1565 1057 1647 μόνη
1071 1565 1247 1644 μετέχουσα.
1265 1567 1306 1628 de
1319 1579 1443 1649 septen.

189 1668 218 1729 ΙΙ
241 1669 315 1749 280)
345 1671 395 1731 cui
418 1672 603 1750 respondet,
626 1674 713 1751 quod
737 1693 796 1734 nos
811 1680 931 1747 monet,
955 1682 990 1733 ut
1004 1673 1121 1734 nostris
1136 1671 1254 1734 viribus
1271 1672 1449 1754 desperatis

187 1773 230 1834 ad
259 1773 356 1835 deum
385 1782 474 1837 totos
504 1795 563 1836 nos
593 1775 800 1856 adplieemus,
822 1796 895 1838 cum
921 1776 981 1857 ipsi
1003 1775 1078 1838 nihil
1100 1776 1177 1838 boni
1200 1796 1259 1838 nec
1281 1777 1364 1839 velle
1387 1799 1447 1842 nec

188 1877 329 1958 cogitare
357 1880 518 1960 possimus
547 1879 623 1961 (leg.
646 1880 740 1961 alleg.
764 1881 778 1942 I
806 1897 880 1959 132:
919 1883 1043 1961 ἄριστον
1065 1875 1117 1941 οὖν
1138 1882 1182 1963 τις
1204 1883 1271 1964 θεῷ
1292 1905 1446 1944 πεπιστευ-

188 1980 272 2042 κίναι
299 1982 349 2042 καὶ
374 1983 417 2062 μὴ
444 1990 507 2055 τοῖς
536 1983 665 2067 ἀσαφίσι
695 1985 848 2066 λογισμοῖς
877 1986 927 2045 καὶ
957 1993 1025 2056 ταῖς
1053 1985 1214 2063 ἀβεβαίαις
1242 1986 1386 2059 εῖκασίαις
1414 1998 1447 2051 et

188 2089 374 2168 saepissime
406 2088 491 2150 idem
520 2089 638 2169 docet).
684 2089 758 2152 Non
790 2111 833 2152 ex
862 2091 962 2153 nostri
992 2091 1088 2152 animi
1119 2091 1235 2152 robure
1264 2092 1444 2156 libertatem

188 2193 279 2255 nobis
309 2194 382 2256 oriri
408 2192 486 2267 vult,
512 2195 569 2256 sed
592 2215 635 2258 ex
656 2196 719 2258 deo
739 2216 811 2258 eam
833 2197 974 2277 pendere
995 2195 1030 2275 .(I
1057 2211 1125 2262 112.
1147 2195 1162 2257 Ι
1188 2195 1264 2274 326:
1288 2194 1444 2267 Πολλάκις

184 2296 287 2377 μέντοι
317 2300 366 2359 καί
397 2298 608 2370 τελειωθέντες
632 2298 709 2372 τινὲς
730 2302 844 2374 ἀτελεῖς
866 2301 1081 2381 ἐνομίσθησαν,
1113 2302 1157 2383 tp*
1183 2300 1266 2381 παρὰ
1287 2301 1341 2380 τὴν
1364 2301 1443 2361 ἰδίαν

187 2404 372 2485 προθυμίαν,
396 2405 473 2464 ἀλλὰ
486 2406 529 2484 μη
544 2402 611 2465 κατ’
627 2404 827 2487 ἐπιφροσύνην
847 2410 924 2467 θεοῦ
943 2409 1150 2485 βελτιιοθῆναι
1168 2404 1261 2478 δόξαι.
1284 2422 1356 2482 401.
1373 2407 1446 2485 458.

188 2509 218 2570 ΙΙ
244 2511 299 2588 38:
322 2512 382 2590 τὴν·
399 2519 453 2570 τοῦ
475 2519 571 2593 σοφοῦ
593 2511 750 2588 βασιλείαν
772 2510 865 2593 όρίηει
888 2510 983 2592 θεός).
1028 2511 1109 2574 Tale
1132 2512 1209 2590 quid
1223 2510 1255 2572 in
1277 2511 1340 2573 hoc
1362 2511 1444 2573 libro

183 2613 303 2678 -srustra
325 2615 529 2694 quaesiveris,
562 2616 593 2676 in
623 2636 698 2696 quo,
728 2627 955 2698 praeterquam
987 2617 1075 2698 quod
1104 2617 1285 2698 sapientum
1315 2615 1445 2679 libertas

187 2740 231 2781 ex
252 2720 398 2797 amicitia,
421 2740 519 2800 quam
543 2741 615 2782 cum
639 2722 702 2784 deo
717 2722 847 2796 habent,
871 2723 1120 2798 demonstratur,
1143 2722 1296 2801 quodque
1321 2729 1356 2783 ut
1370 2740 1445 2783 eum

184 2825 302 2895 ducem
331 2846 506 2907 sequamur
532 2827 581 2889 bis
611 2826 716 2889 obiter
744 2828 974 2904 admonemur,
1008 2826 1095 2888 nulla
1124 2826 1255 2888 omnino
1282 2827 1334 2889 dei
1364 2826 1445 2889 ratio

188 2929 334 2992 habetur.
378 2930 454 2994 Non
476 2931 556 2994 deus
579 2941 637 3006 est,
662 2933 719 2994 sed
741 2933 850 3006 virtus,
874 2933 906 2994 in
929 2952 994 3013 qua
1016 2933 1116 2995 cardo
1137 2941 1291 2995 versatur.
