3276 5040
720 399 933 444 ..11-

197 553 388 638 scripturam
412 556 515 635 ipsam
539 573 604 616 non
626 551 741 614 adiisse
764 560 796 614 et
819 573 862 615 ex
876 552 982 634 primo
996 551 1070 619 loco
1084 553 1221 616 vidimus
1237 561 1270 615 et
1286 572 1329 614 ex
1344 551 1456 626 altero,

197 659 251 739 qui
274 679 305 739 p.
328 670 391 737 452
414 655 564 734 adfertur,
587 657 666 720 satis
688 657 802 732 elucet,
827 657 881 720 ubi
903 659 1017 721 eadem
1042 658 1245 740 neglegentia
1268 657 1396 719 Mosem
1417 658 1457 718 in-

197 765 285 835 ducit
307 783 345 825 ea
367 763 408 825 de
431 760 500 824 aliis
522 758 719 843 loquentem,
744 782 828 842 quae
854 763 885 825 in
908 763 1005 826 sacris
1027 763 1114 827 libris
1137 783 1202 827 non
1224 764 1292 845 ipse
1308 762 1457 842 loquitur,

198 870 255 931 sed
284 869 364 931 deus
392 869 433 930 de
460 888 501 930 eo
525 868 698 948 praedicat.
744 865 811 930 Ubi
841 869 926 931 enim
954 889 1050 932 ausus
1080 878 1131 932 est
1153 869 1263 932 Moses
1293 888 1377 944 eum,
1402 868 1462 946 qui*

199 993 310 1037 amore
332 974 384 1036 dei
406 982 520 1054 captus
549 982 636 1035 esset
644 973 688 1053 1),
717 973 815 1036 deum
844 974 1011 1055 appellare
1044 976 1110 1057 (ita,
1135 983 1170 1037 ut
1192 973 1359 1037 hominum
1379 974 1458 1035 deus

201 1088 287 1143 esset
308 1099 373 1142 non
393 1079 473 1141 deus
488 1098 594 1140 rerum
609 1086 751 1153 naturae,
774 1099 872 1159 quam
888 1079 1068 1161 gubernare
1084 1080 1201 1142 summi
1216 1083 1317 1162 patris
1339 1082 1458 1167 esset)?

199 1183 395 1266 Quanquam
418 1203 483 1246 non
505 1183 636 1246 dubium
660 1191 717 1258 est,
740 1185 816 1264 quin
837 1185 917 1255 haec
935 1194 1083 1267 spectent
1106 1188 1148 1249 ad
1162 1184 1270 1256 Ex'od.
1298 1209 1324 1251 c.
1348 1204 1367 1270 7
1392 1205 1454 1250 v.1

200 1294 251 1371 (cs.
274 1308 296 1367 4
315 1310 345 1356 ν.
372 1290 431 1369 16),
454 1289 512 1351 sed
534 1288 577 1350 ibi
598 1307 728 1368 quoque
751 1288 862 1352 Moses
884 1309 949 1352 non
973 1290 1014 1352 de
1037 1291 1106 1354 aliis
1129 1291 1277 1374 loquitur,
1300 1293 1358 1356 sed
1380 1295 1460 1356 deus

198 1396 274 1458 dicit
296 1415 330 1457 se
351 1393 439 1457 illum
462 1393 559 1455 deum
581 1393 755 1456 Pharaonis
777 1392 935 1457 facturum
965 1415 1051 1457 esse:
1082 1397 1133 1456 καὶ
1162 1391 1224 1458 εἶπε
1253 1399 1355 1480 κύριος
1383 1399 1458 1483 πρὸς

198 1503 340 1578 Μωυσῆν
361 1497 453 1582 λέγων
476 1497 555 1561 Ἰδοὺ
577 1497 694 1560 δίδωκά
714 1521 747 1560 σε
764 1500 839 1559 θεὸν
859 1499 984 1582 Φαραώ.
1032 1499 1123 1565 Philo
1145 1501 1229 1565 hunc
1252 1503 1369 1577 locum,
1393 1524 1459 1583 quo

197 1605 384 1687 saepissime
407 1605 512 1679 utitur,
536 1625 665 1685 semper
685 1607 727 1667 ad
749 1605 849 1667 verba
871 1626 984 1669 sacrae
1009 1607 1187 1688 scripturae
1208 1607 1327 1670 adfert:
1351 1609 1456 1671 1222:

197 1712 314 1782 τούτοις
337 1708 437 1771 ἕπεται
460 1712 510 1771 καὶ
533 1712 568 1771 τὸ
584 1714 732 1789 Μωυσῆν,
757 1710 845 1771 ὁπότε
865 1695 1082 1793 χειροτονεῖται
1099 1714 1173 1784 θεὸς
1187 1722 1242 1774 τοῦ
1265 1713 1391 1795 Φαραώ,
1414 1715 1457 1793 μὴ

197 1816 272 1898 πρὸς
286 1816 437 1895 ἀλήθειαν
447 1820 638 1898 γεγενῆσθαι,
654 1815 725 1899 δόξῃ
740 1815 773 1876 δὲ
782 1816 875 1895 μόνον
886 1817 1169 1896 ὑπολαμβάνεσθαι.
1183 1857 1226 1869 -
1235 1818 1372 1901 Λέγεται
1385 1818 1418 1880 δὲ
1429 1819 1459 1880 ἓν

198 1920 291 2003 ῗεραῖς
304 1922 422 1999 βίβλοις
433 1921 557 2001 Δίδωμί
567 1942 599 1983 σε
616 1923 691 1982 θεὸν
707 1921 832 2004 Φαραώ,
852 1931 906 1982 τοῦ
916 1922 1072 2001 διδομένου
1083 1923 1250 2003 πάσχοντος
1262 1927 1297 1985 ού
1310 1926 1453 2008 δρῶντος.

199 2029 392 2111 Λραστήριον
413 2025 447 2088 δὲ
468 2029 503 2088 τὸ
526 2026 619 2098 ὄντως
641 2023 683 2101 δν,
707 2028 742 2088 ού
763 2027 879 2106 πάσχον
901 2028 1069 2108 ἀναγκαίως
1091 2023 1176 2094 εἶναι.
1215 2029 1255 2089 Τί
1274 2025 1326 2091 ούν
1341 2031 1378 2109 δὴ
1394 2029 1459 2111 (διὰ

201 2133 323 2214 Mang.)
340 2134 455 2193 τούτιον
470 2131 645 2214 συνύχεται;
673 2132 719 2192 ὅτι
735 2132 751 2193 ὃ
767 2133 859 2215 σοφὸς
875 2131 990 2214 λέγεται
1005 2131 1061 2212 μὲν
1075 2134 1148 2205 θεὸς
1163 2143 1217 2194 τοῦ
1231 2135 1370 2217 ἄφρονος,
1386 2134 1460 2216 πρὸς

199 2239 349 2318 ἀλήθειαν
370 2236 403 2301 δὲ
432 2239 485 2298 οὐκ
511 2234 573 2299 ἔστι
596 2238 670 2310 θεὸς
691 2236 791 2328 ὥσπερ
813 2237 882 2299 οὐδὲ
904 2239 939 2299 τὸ
961 2238 1107 2317 ἀδόκιμον
1137 2238 1367 2322 τετρύδραχμόν
1396 2238 1459 2300 ἔστι

199 2343 427 2427 τετράδραχμον
449 2366 475 2408 κ.
492 2367 519 2408 τ.
536 2347 562 2402 λ.
608 2342 700 2424 Quae
731 2345 820 2407 addit
848 2346 889 2407 ad
920 2344 1151 2419 definiendum,
1183 2345 1459 2425 quemadmodum

200 2450 311 2513 Moses
334 2450 414 2511 deus
435 2449 668 2529 intellegendus
690 2450 739 2523 sit,
763 2448 836 2512 huic
858 2449 941 2522 loco,
966 2450 1091 2513 etiamsi
1106 2470 1170 2512 non
1185 2470 1316 2531 prorsus
1331 2468 1459 2530 respon·

199 2556 286 2630 dent,
318 2563 427 2617 tamen
456 2554 616 2617 simillima
638 2563 720 2617 sunt.
775 2555 944 2617 Praeterea
966 2553 1005 2617 cf.
1028 2556 1042 2617 Ι
1067 2569 1116 2634 51.
1143 2555 1211 2634 165.
1238 2556 1308 2635 581.
1334 2552 1458 2635 597l98.

200 2659 312 2740 Atque
335 2670 370 2723 ut
392 2661 489 2722 etiam
511 2659 652 2739 reliquos
674 2659 765 2722 locos
781 2681 854 2724 cum
869 2659 1002 2722 Philone
1017 2681 1253 2741 comparemus
1279 2660 1333 2741 qui
1347 2679 1379 2740 p.
1396 2672 1461 2737 454

201 2773 266 2838 est,
297 2765 404 2828 locum
434 2765 548 2827 eadem
578 2764 841 2846 interpretatione
871 2764 975 2828 adfert
1003 2765 1044 2827 de
1080 2786 1190 2852 congr.
1214 2784 1323 2845 quaer.
1347 2764 1459 2827 erudit.

197 2870 311 2951 gratia.
332 2871 346 2932 I
370 2885 446 2948 544:
470 2871 535 2930 Καὶ
558 2872 671 2950 ταύτην
693 2871 803 2951 ηύξατό
823 2894 868 2943 τις
891 2869 921 2931 ἐν
943 2878 1010 2942 ταῖς
1033 2868 1126 2951 ἱεραῖς
1147 2873 1338 2953 ἀναγραφαῖς
1360 2870 1460 2951 πατὴρ

201 2973 266 3058 υἱῷ,
290 2978 333 3058 τῷ
355 2977 463 3058 ἄφρονι
486 2973 585 3036 Ἠσαῦ
607 2976 622 3036 ὁ
642 2978 763 3058 ἀριστος
785 2975 897 3038 Ἰσαάκ,
942 2971 1019 3036 Eine
1042 2974 1100 3058 γάρ
1122 2993 1195 3036 που·
1232 2973 1299 3036 Ἐπὶ
1321 2957 1459 3061 μαχαίρᾳ

199 3103 253 3143 σου
284 3080 381 3160 ζήσεις
411 3082 461 3142 καὶ
484 3084 528 3164 τῷ
557 3083 678 3166 ἀδελφῷ
706 3104 760 3144 σου
790 3083 970 3157 δουλεύσεις,
1005 3081 1250 3143 λυσιτελέστατον
1279 3081 1388 3162 κρίνων
1417 3080 1460 3164 τῷ

202 3185 331 3265 πόλεμον
360 3187 426 3246 ἀντὶ
455 3187 573 3268 εἰρήνης
595 3185 762 3271 αἱρουμένῳ
785 3189 835 3248 καί
863 3185 962 3268 ὥσπερ
985 3185 1016 3246 ἓν
1036 3185 1150 3265 μάχαις
1172 3186 1388 3268 δπλοφοροῦντι
1409 3185 1460 3245 διὰ

199 3292 254 3371 τῆν
283 3290 314 3351 ἓν
342 3299 380 3374 τῆ
408 3299 496 3375 ψυχῆ
524 3291 631 3353 στάσιν
660 3294 710 3353 καὶ
745 3293 880 3376 ταραχὴν
914 3291 1037 3374 ὑπηκόῳ
1063 3290 1204 3373 γενέσθαι
1229 3291 1279 3351 καὶ
1301 3290 1460 3353 δουλεῦσαι

200 3397 250 3457 καὶ
271 3395 469 3478 ἐπιτάγμασιν
491 3394 557 3456 ἅττ’
581 3395 618 3457 ἂν
640 3397 656 3456 ὁ
675 3400 870 3480 σωφροσύνης
886 3397 1013 3480 ἐραστὴς
1031 3396 1213 3481 ἓπικελεύση,
1237 3405 1311 3457 πᾶσι
1334 3398 1459 3476 πειθαρ-

197 3509 279 3581 χεῖν·
303 3510 472 3583 praeterea
494 3501 508 3562 I
535 3515 602 3581 125.
622 3520 696 3582 403.
719 3504 749 3565 ΙΙ
771 3521 844 3581 441.
868 3505 945 3567 item
971 3510 1103 3584 quartus
1126 3502 1252 3582 saepius
1275 3502 1362 3582 apud
1384 3521 1459 3563 eum

204 3607 351 3681 occurrit,
375 3606 473 3668 veluti
497 3608 537 3668 de
559 3607 703 3689 posterit.
728 3606 816 3670 Cain.
839 3608 854 3670 Ι
878 3625 952 3685 241:
976 3610 1079 3669 Καλεῖ
1099 3605 1132 3667 δὲ
1154 3607 1320 3690 (Μωυσῆς)
1336 3605 1461 3685 πλησίον

202 3712 252 3772 καὶ
275 3709 359 3793 ἐγγύς
381 3713 416 3772 τὸ
445 3711 580 3792 ἀγαθόν·
611 3698 645 3772 ού
670 3713 728 3794 γὰρ
755 3714 792 3773 ἀν
820 3715 939 3773 ἀπεῖναι
970 3714 1067 3795 (recte
1083 3713 1258 3791 ,ἀναπτῆναι
1281 3710 1390 3792 Mang.
1415 3730 1459 3772 re·

199 3817 329 3898 posuit),
361 3816 461 3899 φησίν,
492 3817 533 3888 εἷς
560 3819 686 3896 οὐρανὸν
714 3817 782 3879 οὐδὲ
808 3817 901 3898 πίραν
931 3817 1090 3896 θαλάττης
1119 3814 1287 3898 ἀφικέσθαι
1310 3815 1357 3876 δεῖ
1381 3815 1460 3875 κατὰ

200 3921 322 4002 ζήτησιν
351 3930 406 3983 τοῦ
433 3925 535 3998 καλοῦ,
551 3921 642 4003 -ἕχχὺς
663 3924 720 4006 γὰρ
742 3925 793 3983 καὶ
814 3924 938 4003 πλησίον
957 3923 1109 3985 ἵστασθαι
1131 3916 1263 4005 ἑκάστῳ·
1287 3920 1337 3980 καὶ
1367 3928 1456 4000 τριχῆ

285 4110 307 4176 ¹)
326 4107 377 4164 τὸν
400 4111 480 4183 ἔρωτι
504 4114 574 4176 θείῳ
600 4114 807 4182 κατεσχημένον
829 4113 876 4163 καὶ
899 4109 928 4163 τὸ
948 4107 998 4164 ’Όν
1022 4105 1114 4179 μόνον
1134 4105 1343 4179 θεραπεύοντα·
1365 4124 1396 4157 ex
1419 4109 1458 4156 his

201 4198 454 4250 animadvertendum
476 4204 513 4250 e‘st
538 4200 644 4249 alterum
668 4216 684 4248 a
701 4200 809 4249 Philone
832 4201 977 4266 saepissime
1001 4199 1115 4264 usurpari
1139 4199 1172 4246 ad
1193 4213 1316 4246 summam
1336 4197 1457 4262 pietatem

200 4288 408 4352 significandam:
427 4291 453 4339 II
469 4289 527 4354 258,
543 4303 591 4352 33:
612 4289 700 4341 ἱκέται
711 4290 759 4339 καὶ
770 4291 945 4359 θεραπευταὶ
958 4289 1009 4340 τοῦ
1023 4283 1108 4346 ὅντως
1120 4280 1207 4345 ὄντος.
1226 4287 1252 4334 ΙΙ
1263 4296 1322 4348 252,
1341 4297 1380 4334 12.
1395 4285 1454 4345 264,

201 4389 242 4426 20.
264 4378 353 4441 1326,
374 4378 416 4441 38.
435 4391 492 4441 33τ1
514 4392 547 4442 43
566 4385 591 4427 et
610 4377 717 4443 saepius.
