3276 5040
713 393 926 452 ..41-

189 544 331 626 Epictet.
353 544 402 605 IV
429 561 476 620 10,
499 545 534 609 6:
570 546 605 606 τὸ
627 544 660 606 δὲ
690 550 864 628 φιλοσοφεῖν
890 546 923 606 τί
949 545 1045 621 ε’στινς
1078 547 1143 624 οὐχὶ
1165 540 1449 628 παρασκευάζεσθαι

188 650 263 731 πρὸς
284 650 323 709 τὰ
344 650 570 729 συμβαίνοντας
598 654 633 712 οδ
655 655 897 733 παρακολουθεῖς
917 646 978 727 οὑν,
1003 650 1049 711 ὅτι
1070 649 1205 711 τοιοῦτόν
1227 673 1256 711 τι
1278 649 1387 732 λίμεις·
1412 649 1450 712 ἀν

188 752 236 837 ἔτι
254 751 310 836 ἐγὼ
333 752 609 836 παρασκευάσωμαι
632 758 706 838 πρὸς
727 757 762 817 τὸ
784 752 886 842 πρᾴως
902 754 1002 838 φέρειν
1017 756 1055 817 τὰ
1076 756 1304 834 συμβαίνονται,
1321 756 1337 817 ὃ
1352 755 1448 834 θέλει,

127 898 135 909 «
189 859 338 942 γινέσθω·
359 898 402 906 -
425 859 523 942 Quod
535 855 716 924 'divinarum
738 881 844 924 rerum
859 862 940 925 ordo
959 855 1042 944 σόλῳ
1055 860 1109 922 καί
1120 861 1248 922 κλύδωνι
1263 862 1447 942 opponitur,

189 967 221 1029 in
243 965 360 1047 quibus
382 966 535 1030 mortales
558 985 609 1029 res
627 965 779 1040 seruntur,
802 966 947 1030 similiter
968 965 1093 1040 Cicero
1111 966 1187 1029 dicit
1207 966 1247 1029 N.
1271 966 1312 1028 D.
1335 966 1366 1028 ΙΙ
1390 967 1447 1046 56;

189 1071 287 1133 Nulla
316 1071 413 1153 igitur
443 1071 474 1133 in
508 1071 600 1135 caelo
632 1091 691 1135 nec
726 1069 854 1134 fortuna
880 1091 940 1134 nec
967 1071 1131 1134 temeritas
1161 1091 1220 1134 nec
1249 1072 1366 1135 erratio
1390 1091 1449 1134 nec

189 1177 312 1239 vanitas
335 1176 418 1239 inest
439 1185 615 1257 contraque
638 1175 742 1239 omnis
765 1177 855 1250 ordo,
879 1177 1005 1257 veritas,
1029 1179 1119 1250 ratio,
1135 1178 1326 1252 constantia,
1350 1196 1448 1257 quae·

189 1300 252 1361 que
275 1281 324 1344 his
345 1290 462 1344 vacant
484 1281 638 1344 ementita
659 1289 693 1344 et
714 1279 794 1343 salsa
817 1281 977 1363 plenaque
999 1283 1123 1356 erroris,
1148 1302 1186 1343 ea
1208 1283 1327 1344 circum
1347 1291 1449 1345 terras

189 1385 271 1449 infra
300 1386 419 1461 lunam,
449 1407 533 1468 quae
562 1387 706 1449 omnium
734 1386 847 1448 ultima
875 1394 933 1461 est,
963 1387 995 1448 in
1022 1389 1178 1467 terrisque
1206 1396 1383 1452 versantur.
1407 1424 1449 1434 -

194 1489 321 1571 »Quare
344 1512 409 1554 non
432 1491 530 1554 cuivis
552 1491 722 1573 imperanti
744 1491 905 1566 oboediet,
927 1511 1139 1574 quaecunque
1162 1494 1371 1555 instrumenta
1393 1494 1448 1556 do·

189 1596 265 1660 loris
293 1597 443 1671 intentat,
478 1598 536 1660 sed
567 1599 674 1659 animo
705 1595 778 1659 lorti
801 1594 997 1659 exclamabit
1021 1597 1251 1679 (νεανιευόμενος
1271 1596 1304 1659 δὲ
1326 1600 1449 1678 ἀντικη-

190 1701 299 1784 pigro:
330 1700 464 1782 Πίμπρα
485 1725 513 1766 κ.
529 1724 556 1762 τ.
572 1706 599 1762 λ.
644 1701 720 1764 Vidi
751 1697 924 1781 aliquando
955 1708 1026 1782 (suo
1054 1723 1144 1766 more
1178 1703 1241 1766 hoc
1274 1723 1309 1766 se
1342 1705 1447 1784 ipsum

189 1805 305 1868 vidisse
326 1807 520 1888 compilator
548 1806 652 1888 fingit)
681 1806 819 1869 athletas
849 1806 953 1888 plagis
983 1807 1238 1871 adversariorum
1263 1808 1448 1871 resistentes

188 1912 251 1976 hac
272 1911 342 1992 ipsa
364 1914 544 1975 constantia
567 1932 679 1974 eorum
701 1910 859 1992 impetum
882 1910 1037 1993 frangere,
1062 1922 1097 1976 ut
1118 1913 1160 1976 ad
1182 1922 1364 1976 extremum
1385 1914 1446 1974 vic-

187 2025 275 2079 tores
298 2016 473 2080 discedant.
517 2017 592 2080 Hoc
614 2018 699 2080 idem
722 2017 753 2078 in
775 2018 921 2097 sapiente
943 2018 1131 2099 contingere
1153 2017 1236 2092 dico,
1267 2038 1341 2080 eum
1373 2038 1446 2080 con-

187 2123 321 2198 stantia,
357 2142 422 2202 qua
451 2123 483 2184 in
514 2123 684 2204 proposito
711 2131 929 2203 susceptoque
958 2122 1091 2185 consilio
1121 2132 1305 2204 permanet,
1336 2125 1447 2187 adver-

191 2227 309 2290 sarium
331 2226 476 2309 fatigare,
499 2227 585 2309 prius
608 2246 706 2306 quam
724 2227 901 2308 quidquam
916 2236 1029 2290 contra
1043 2228 1244 2290 voluntatem
1259 2228 1382 2291 faciat«
1407 2267 1443 2277 -

188 2333 290 2414 Apud
312 2332 479 2395 Philonem
502 2333 564 2413 leg.
588 2331 682 2414 alleg.
704 2330 756 2394 lib.
780 2331 826 2394 ΙΙΙ
849 2332 874 2413 (I
900 2335 972 2414 127)
994 2354 1058 2396 non
1082 2333 1186 2396 solum
1216 2335 1313 2397 iidem
1335 2355 1446 2397 versus

187 2437 300 2501 iisdem
327 2458 430 2520 paene
458 2438 564 2500 verbis
594 2437 858 2500 antecedentibus
885 2437 1078 2513 adferuntur,
1109 2438 1295 2511 sedetiam,
1327 2445 1363 2498 ut
1383 2436 1446 2499 hoc

187 2543 270 2615 loc0,
294 2544 421 2624 sapiens
443 2564 517 2606 cum
539 2544 661 2607 athleta
689 2540 853 2604 confertur
879 2543 983 2625 plagis
1010 2543 1181 2607 adversarii
1203 2562 1268 2604 non
1290 2542 1440 2605 cedente:

187 2647 287 2729 ὥσπερ
309 2649 366 2729 γὰρ
385 2643 493 2730 ἑτέρως
507 2651 649 2710 τύπτεται
667 2647 682 2707 ὑ
701 2647 838 2727 ἀθλητὴς
854 2648 903 2708 καὶ
918 2649 933 2708 ὑ
949 2649 1062 2723 δοῦλος,
1081 2646 1167 2726 ὑμίν
1180 2641 1254 2708 καθ’
1273 2645 1447 2707 ὑπόπτωσιν

188 2750 320 2825 ἐνδιδοὺς
350 2755 424 2835 πρὸς
452 2755 507 2827 τὰς
529 2755 628 2826 αἰκίας
652 2753 701 2813 καί
725 2752 863 2828 ὑπείκων,
886 2752 902 2813 ό
925 2751 957 2814 δὲ
979 2754 1118 2833 ἀθλητὴς
1139 2752 1271 2832 ἀντέχων
1292 2753 1341 2812 καί
1364 2754 1446 2812 ἀντι-

188 2866 309 2918 στατῶν
330 2860 380 2918 καὶ
404 2861 458 2931 τὰς
479 2857 694 2942 ἐπιφερομένας
722 2856 934 2936 ἀποσειόμενος
958 2895 1008 2931 -,
1040 2857 1134 2929 οὑτως
1161 2858 1176 2918 ὃ
1202 2856 1259 2937 μὲν
1280 2857 1445 2939 ἀλόγιστος,

186 2962 384 3043 ἀνδραπόδων
403 2965 488 3044 δίκην
510 2960 601 3047 ἑτέρῳ
623 2963 735 3023 ὑπείκει
758 2963 808 3022 καὶ
828 2963 986 3024 ὑποπίπτει
1000 2971 1068 3035 ταῖς
1084 2962 1243 3045 ἀλγηδόσιν
1258 2963 1330 3023 -ὑ
1351 2961 1445 3024 δ’ἐπι-

105 3079 111 3089 ”
186 3067 322 3145 στήμων,
355 3071 494 3149 ἀθλητοῦ
522 3068 633 3151 τρόπον
660 3069 738 3148 μετὰ
767 3068 922 3147 δυνάμεως
943 3070 992 3128 καί
1016 3065 1119 3149 ῥώμης
1140 3077 1292 3151 καρτερῶς
1321 3069 1446 3145 ἀντιβὰς

189 3173 265 3253 πρὸς
291 3174 330 3233 τὰ
352 3176 470 3255 ἀλγεινὰ
492 3174 593 3237 πάντα
616 3177 758 3252 ἀντιπνεῖ,
783 3174 824 3246 ὡς
844 3174 887 3252 μὴ
907 3172 1130 3256 τιτρώσκεσθαι
1152 3173 1226 3254 πρὸς
1247 3174 1358 3248 αὐτῶν,
1380 3169 1441 3233 ἀλλ’

187 3273 242 3348 ἔξω
275 3278 430 3361 διαφορεῖν
467 3279 686 3362 (ἔξαδιαφορεΐν
714 3279 838 3360 Mang.)
868 3276 1001 3344 ἕκαστον,
1054 3279 1123 3339 Καί
1150 3302 1202 3357 μοι
1235 3278 1318 3338 δοκεῖ
1349 3300 1446 3337 νεανι-

189 3381 350 3462 ευσάμενος
362 3381 409 3444 ἂν
430 3384 617 3467 ἐπιφωνῆσαι
638 3386 673 3446 τὸ
694 3383 836 3468 τραγικὸν
852 3383 928 3466 πρὸς
941 3384 996 3462 τὴν
1011 3383 1160 3464 ἀλγηδόνα
1176 3383 1286 3455 οὑτως;
1310 3383 1444 3465 Πίμπρα

187 3511 215 3548 κ.
231 3510 257 3548 τ.
273 3492 301 3550 λ.
346 3488 433 3569 Quid
454 3489 554 3571 ergo?
583 3490 664 3553 haec
693 3511 737 3552 ex
758 3487 891 3551 Philone
920 3489 1100 3570 desumpsit
1122 3488 1323 3570 compilator,
1350 3509 1391 3551 an
1414 3489 1445 3549 in

187 3593 269 3656 libro
291 3596 332 3657 de
353 3594 500 3658 libertate
521 3595 675 3677 sapientis
697 3593 836 3657 invenit?
859 3592 925 3656 Sed
947 3593 1040 3656 facile
1062 3593 1255 3676 intellegitur
1277 3615 1297 3656 a
1311 3593 1444 3656 Philone

187 3699 268 3761 haec
298 3720 363 3762 non
393 3702 543 3782 pendere,
575 3722 649 3764 cum
677 3700 739 3763 alia
768 3700 818 3773 sit,
847 3718 929 3778 quae
959 3699 1019 3774 hic,
1050 3699 1120 3773 alia,
1144 3718 1228 3780 quae
1246 3699 1331 3780 apud
1355 3697 1444 3760 illum

188 3805 380 3885 proponitur
402 3808 617 3887 comparatio:
641 3805 729 3886 apud
750 3802 839 3866 illum
862 3803 903 3865 de
919 3803 1032 3867 dolore
1048 3805 1153 3885 agitur
1171 3803 1312 3879 ferendo,
1335 3805 1386 3866 hic
1402 3804 1443 3866 de

187 3906 364 3990 frangendo
386 3911 508 3992 impetu
531 3912 699 3974 hominum
720 3907 856 3991 sapienti
871 3906 1072 3985 infestorum
1096 3910 1183 3990 apud
1197 3907 1287 3972 illum
1303 3909 1441 3983 tertium,

187 4014 276 4094 quod
291 4015 415 4099 dicitur,
440 4016 690 4098 comparationis
712 4015 743 4076 in
766 4013 944 4076 resistendo
966 4015 1109 4095 positum
1131 4023 1189 4089 est,
1212 4013 1265 4076 hic
1292 4014 1324 4075 in
1349 4033 1439 4094 supe

186 4119 298 4193 rand0,
322 4129 358 4183 ut
377 4120 438 4182 hae
461 4122 543 4184 duae
564 4121 822 4202 comparationes
841 4119 946 4200 primo
967 4119 1081 4183 obtutu
1103 4121 1184 4182 inter
1203 4139 1238 4181 se
1261 4117 1441 4182 simillimae

187 4223 324 4287 multum
341 4235 451 4288 tamen
469 4227 650 4308 discrepent
660 4225 694 4307 ¹).
727 4224 842 4304 Itaque
855 4224 944 4304 quod
966 4233 999 4288 et
1018 4227 1105 4307 apud
1113 4224 1281 4287 Philonem
1292 4233 1326 4287 et
1336 4213 1387 4286 hi'c
1399 4223 1441 4285 illi

273 4377 295 4442 ¹)
312 4380 419 4430 Accedit
442 4380 512 4446 quod
536 4382 658 4446 scriptura
681 4396 806 4436 versuum.
834 4395 899 4445 quae
920 4379 960 4428 hic
983 4390 1028 4437 est,
1058 4379 1198 4429 aPhilone
1215 4379 1355 4445 discrepat:
1375 4379 1441 4428 Phil.
