3276 5040
227 559 382 643 ἀρρενιους.
406 559 443 621 In
455 558 552 620 sacris
564 557 689 639 scriptis
702 555 764 619 hoc
775 555 878 619 Mosis
889 557 1010 619 dictum
1026 556 1141 619 frustra
1156 555 1358 636 quaesiveris,
1375 576 1484 637 quam·

225 685 323 746 quam
330 669 372 727 ad
384 684 481 744 quem
489 663 598 725 locum
611 661 813 725 referendum
826 662 876 737 sit,
889 661 920 723 in
932 670 1085 743 promptu
1098 669 1162 724 est:
1176 680 1251 723 nam
1258 660 1365 724 Exod.
1379 677 1425 743 17,
1447 678 1483 724 12

224 769 326 832 Mosis
354 788 468 831 manus
496 775 666 849 protentae
688 786 805 848 graves
829 766 925 829 luisse
948 774 1123 829 narrantur.
1168 765 1256 828 Talis
1278 774 1386 829 autem
1409 786 1483 848 neg·

223 871 364 955 legentia
385 894 403 936 e
425 873 565 935 Philonis
597 892 689 935 more
720 892 786 936 non
806 881 864 946 est,
896 872 1044 953 quicum
1066 871 1097 933 in
1119 872 1217 933 sacris
1245 872 1370 953 scriptis
1393 870 1483 934 habi-

225 988 309 1042 taret
331 998 517 1061 magnoque
539 997 650 1040 amore
673 997 712 1040 ea
734 985 767 1040 et
785 996 904 1056 magna
926 977 1104 1038 reverentia
1119 975 1376 1056 amplecteretur,
1401 977 1483 1059 quae

225 1084 299 1147 inde
321 1083 434 1160 adfert,
457 1092 544 1146 recte
566 1081 686 1146 adfert:
710 1082 820 1161 itaque
841 1080 926 1144 hunc
949 1099 1079 1161 quoque
1102 1081 1210 1145 locum
1233 1081 1296 1163 leg.
1316 1081 1410 1164 alleg.
1427 1083 1481 1145 lib.

225 1189 270 1250 III
293 1189 396 1270 (196)
419 1188 461 1250 ad
484 1187 584 1251 verba
615 1207 725 1250 sacrae
754 1187 929 1268 scripturae
958 1186 1136 1268 adscripsit.
1181 1185 1246 1249 Sed
1276 1188 1397 1250 nonin
1422 1188 1483 1250 hac

225 1294 333 1357 solum
356 1315 389 1357 re
411 1295 549 1375 scriptor
570 1292 725 1375 peccavit.
769 1292 854 1354 Nam
878 1292 966 1374 quod
987 1292 1063 1354 dicit
1085 1293 1277 1356 Iudaeorum
1303 1292 1412 1374 legum
1441 1294 1504 1355 la··

226 1408 340 1475 torem,
363 1419 437 1462 cum
460 1399 612 1480 sapientis
634 1418 747 1460 manus
769 1416 885 1478 graves
915 1397 1087 1471 induceret,
1118 1398 1262 1460 actiones
1283 1398 1482 1461 subindicare

225 1505 364 1568 voluisse
387 1501 610 1568 mente'firma
634 1512 667 1565 et
689 1501 848 1565 constanti
870 1500 975 1575 fultaS,
997 1522 1055 1583 per
1077 1521 1112 1564 se
1134 1502 1215 1565 haec
1245 1502 1382 1565 obscura
1410 1511 1484 1566 sunt

227 1609 278 1671 vel
301 1611 409 1691 potius
431 1610 579 1672 absurda.
625 1606 722 1689 Quid,
746 1625 879 1688 quaeso,
902 1607 1031 1669 tertium
1054 1614 1112 1681 est,
1137 1607 1226 1696 quod
1247 1607 1367 1680 dicitur,
1398 1628 1482 1670 com·

229 1710 423 1792 parationis?
446 1734 499 1776 me
521 1714 652 1794 quidem
674 1731 805 1793 prorsus
827 1710 916 1793 fugit,
941 1732 1024 1793 quae
1053 1712 1134 1774 inter
1164 1731 1277 1774 manus
1305 1732 1421 1793 graves
1448 1722 1482 1776 et

223 1816 366 1907 actiones
396 1828 504 1882 mente
533 1818 626 1881 firma
655 1817 752 1881 fultas
779 1817 956 1880 intercedat
989 1818 1079 1880 ratio.
1135 1814 1201 1878 Sed
1234 1837 1274 1879 ne
1306 1818 1407 1881 multa
1437 1819 1480 1882 lo·

225 1942 377 2003 quamur:
414 1924 581 1987 Philonem
610 1923 781 2004 exscripsit
810 1943 859 1998 eo,
892 1923 981 2003 quod
1011 1930 1211 1984 momentum
1235 1921 1319 1999 facit,
1350 1925 1481 1990 omisso,

224 2027 429 2091 Momentum
461 2039 569 2093 autem
599 2029 674 2092 facit
703 2049 817 2091 manus
846 2048 961 2110 graves
991 2028 1032 2090 ab
1055 2027 1187 2091 Aarone
1210 2026 1319 2102 fulciri,
1342 2050 1416 2091 cum
1439 2031 1483 2092 ita

227 2135 358 2196 demum
380 2117 595 2210 intellegatur,
620 2135 697 2214 quid
721 2134 752 2197 in
773 2134 1034 2214 interpretatione
1064 2133 1123 2195 sibi
1145 2133 1222 2197 velit
1245 2137 1388 2198 actiones
1410 2155 1482 2198 esse

224 2239 277 2299 οὐκ
294 2238 481 2311 ἐπιπολαίους,
500 2239 576 2298 ἀλλὰ
590 2239 704 2320 παγίως
719 2236 929 2321 ἐρηρεισμένος
949 2238 1007 2298 ὑπὸ
1029 2238 1163 2310 διανοίας
1184 2241 1339 2321 ἀρρειιοῦς.
1376 2239 1479 2303 Recte

224 2344 304 2407 haec
327 2346 414 2426 apud
436 2344 602 2406 Philonem
625 2344 646 2411 l.
661 2344 692 2419 l.,
714 2363 811 2424 quem
834 2344 942 2406 locum
965 2344 1006 2406 ab
1029 2343 1093 2435 hoc
1121 2346 1320 2426 exscriptum
1349 2365 1421 2407 esse
1444 2353 1479 2407 ut

224 2449 436 2530 intellegatur,
461 2449 537 2511 nihil
558 2469 641 2530 opus
663 2457 712 2511 est
735 2449 794 2511 nisi
816 2458 851 2512 ut
872 2469 946 2511 eum
969 2450 1203 2512 adscribamus:
1236 2451 1302 2512 Kal
1323 2449 1381 2531 γάρ
1404 2450 1478 2511 εἶσιν

224 2552 255 2614 αἱ
276 2562 372 2636 χεῖρες
391 2557 504 2616 Minori
516 2558 655 2636 βαρεῖαι·
676 2553 777 2634 ἐπειδὴ
791 2555 849 2635 γὰρ
864 2552 896 2614 αἶ
911 2563 965 2615 τοῦ
979 2555 1096 2636 φαύλου
1111 2555 1232 2638 πράξεις
1247 2554 1364 2634 ἀνόμιοό
1378 2578 1409 2616 τε
1425 2557 1479 2617 καὶ

223 2669 339 2742 κοῦφοι,
363 2657 486 2740 γένοιντ’
508 2658 546 2720 ἂν
565 2657 597 2720 αἶ
619 2668 673 2720 τοῦ
694 2669 790 2742 σοφοῦ
811 2665 932 2742 βαρεῖαι
954 2660 1004 2719 καὶ
1027 2661 1161 2740 ἀκίνητοι
1176 2658 1240 2722 οὐδ’
1256 2659 1479 2743 condamm-1)

284 2759 292 2781 ³
328 2766 335 2788 t
394 2766 401 2787 t
500 2765 508 2787 Ι
641 2765 650 2788 c
760 2762 768 2784 ³
839 2766 846 2787 t
935 2774 948 2787 n
1123 2756 1159 2788 οἵ
1244 2765 1248 2787 t
1268 2765 1277 2788 t
1373 2774 1388 2788 n

224 2788 287 2847 παρ
318 2767 334 2825 h
351 2788 402 2825 και
417 2765 610 2847 στηριζονται
631 2763 690 2826 υπό
706 2787 737 2825 τε
755 2770 872 2847 Ααριυν
894 2786 948 2824 του
969 2764 1057 2846 λόγου
1080 2789 1131 2826 και
1157 2765 1216 2848 Ωρ,
1232 2768 1248 2827 ὃ
1263 2788 1326 2827 εστι
1341 2787 1415 2847 ραις.
1440 2801 1481 2811 -

223 2870 371 2930 Βοόλεται
400 2865 452 2930 οὖν
482 2869 532 2930 dul
554 2868 716 2949 συμβόλων
744 2892 791 2931 σοι
821 2879 1024 2952 παραστῆσαι,
1047 2869 1093 2931 ὅτι
1116 2869 1148 2931 αἲ
1170 2881 1224 2932 τοῦ
1244 2879 1341 2953 σοφοῦ
1360 2869 1482 2953 πράξεις

223 2974 411 3057 οτηρίζονται
438 2974 496 3034 ὑπὸ
525 2983 586 3035 τῶν
616 2975 874 3056 ἀναγκαιοτάτων,
912 2973 1001 3057 λόγου
1038 2998 1069 3036 τε
1099 2976 1149 3037 καὶ
1179 2976 1336 3056 ἀληθιίας.
1381 2977 1479 3039 Mani·

224 3078 341 3143 festum
363 3089 412 3143 est
433 3078 568 3142 furtum:
599 3081 706 3142 asinus
735 3081 820 3162 pelle
849 3080 976 3142 leonina
1007 3101 1042 3143 se
1071 3083 1182 3160 induit,
1212 3084 1271 3145 sed
1292 3103 1385 3145 aures
1406 3102 1478 3164 pro-

223 3186 381 3248 minentes
402 3204 476 3247 eum
499 3186 679 3266 prodidere.

308 3290 413 3353 Minus
436 3299 549 3372 aperta
573 3300 622 3354 est
645 3311 695 3353 res
718 3292 749 3353 in
771 3292 900 3373 reliquis
923 3291 1010 3367 locis,
1035 3293 1087 3374 qui
1111 3313 1154 3354 ex
1175 3293 1273 3355 sacris
1288 3292 1480 3355 Iudaeorum

224 3394 313 3457 libris
336 3393 530 3470 adferuntur,
555 3415 659 3476 neque
681 3405 790 3459 tamen
811 3394 963 3474 difficilis3
998 3417 1072 3460 nam
1099 3418 1174 3461 cum
1203 3397 1290 3479 apud
1311 3397 1479 3460 Philonem

223 3501 347 3576 eadem,
364 3521 428 3582 qua
444 3499 504 3574 hic,
521 3500 782 3581 interpretatione
796 3502 940 3565 instructi
955 3503 1154 3566 inveniantur
1168 3502 1307 3586 (praeter
1322 3503 1478 3576 ultimum,

222 3605 263 3668 de
294 3625 360 3686 quo
386 3603 467 3668 infra
497 3606 667 3669 dicendum
696 3607 778 3690 erit),
808 3606 861 3668 hic
890 3616 999 3671 autem
1023 3607 1135 3689 procul
1163 3607 1261 3669 dubio
1283 3627 1327 3669 ex
1348 3607 1481 3669 Philone

222 3712 403 3792 exscriptus
433 3709 482 3785 sit,
511 3711 578 3786 veri
606 3711 801 3774 simillimum
831 3721 881 3774 est
910 3713 960 3775 vel
990 3713 1098 3794 potius
1123 3713 1303 3775 necessario
1327 3712 1479 3792 sequitur,

222 3817 320 3880 etiam
343 3816 484 3895 reliquos
506 3814 630 3878 Philoni
652 3816 771 3883 deberi.
815 3817 901 3880 Nam
924 3819 1115 3899 scriptorem
1143 3818 1237 3899 huius
1263 3817 1333 3880 libri
1355 3838 1480 3881 sacram

307 4020 330 4086 1)
349 4021 395 4069 His
413 4021 577 4084 respondent,
598 4037 662 4086 quae
686 4022 719 4070 ad
738 4022 895 4071 Antisthenis
919 4021 1013 4071 dictum
1031 4022 1247 4087 interpretandum
1271 4022 1346 4081 dicit,
1373 4039 1437 4088 quae
1460 4023 1481 4071 si

222 4126 326 4175 prorsus
344 4111 378 4158 ad
391 4110 495 4158 verbum
508 4109 688 4173 descripsisset,
706 4111 795 4160 melius
808 4118 885 4160 esset:
898 4110 990 4159 etenim
1003 4111 1074 4174 quod
1086 4115 1195 4179 βαρεῖαι
1207 4119 1232 4160 et
1244 4105 1304 4162 οὐδ’
1318 4108 1480 4164 εὐσόλευιοι

218 4198 247 4247 in
266 4214 344 4247 unum
363 4197 456 4249 coactis
483 4196 539 4260 (καὶ
551 4191 636 4268 βάρος
648 4195 713 4266 ἔχον
729 4195 894 4262 ἀσάλευτον)
913 4208 1042 4264 praeterea
1060 4195 1198 4269 φρόνησιν
1215 4199 1408 4270 ἐρηρεισμένον
1428 4215 1481 4249 esse

219 4286 289 4344 dicit,
318 4287 382 4335 illud
401 4286 595 4355 ἐρηρεισμένου
614 4304 666 4337 non
684 4289 767 4337 minus
785 4289 899 4353 ineptum
917 4297 954 4337 est
975 4288 1109 4348 hocloco,
1136 4302 1213 4351 quam
1230 4287 1295 4336 inira
1316 4288 1342 4336 in
1360 4287 1481 4353 interpre-

218 4374 316 4423 tatione
333 4374 413 4423 Mosis
430 4375 490 4423 dicti
511 4370 623 4446 πράξεις
640 4392 694 4426 esse
713 4377 912 4448 ἐρηρεισμένος.
