3276 5040
719 344 932 409 ,29-

196 497 366 563 addidisse.
391 532 430 544 -
453 497 607 558 Fortasse
628 506 736 558 autem
758 497 875 560 dixerit
897 499 1055 581 quispiam
1079 521 1141 562 una
1163 520 1236 562 cum
1265 500 1314 561 his
1346 520 1452 562 exem-

196 603 257 685 plis
278 604 375 665 etiam
396 600 556 663 Xanthios
578 602 621 663 illi
643 600 725 663 libro
748 596 934 667 tribuendos
957 605 1037 676 es'se,
1062 592 1149 686 quod
1166 605 1359 682 negaverim,
1378 625 1452 666 cum

196 706 327 770 Xanthii
357 727 422 768 non
453 726 513 787 pro
542 706 689 768 libertate
719 709 902 787 moriantur,
934 711 991 772 sed
1013 719 1049 771 ut
1070 708 1167 771 fidem
1187 719 1353 772 servarent
1375 729 1453 790 erga

195 811 382 876 defunctum
407 811 593 892 principem,
625 820 660 873 ut
690 812 811 874 nullum
839 815 870 875 in
900 814 981 877 libro
1010 813 1077 896 περὶ
1109 813 1282 895 ἐλευθερίας
1311 813 1452 876 habeant

195 919 312 990 locum,
334 917 392 979 sed
414 936 433 978 a
455 915 610 996 scriptore
633 917 732 979 additi
755 938 826 981 esse
848 920 1024 982 videantur.
1050 955 1090 964 -
1112 919 1280 981 Praeterea
1296 939 1343 991 ea,
1365 938 1448 999 quae

195 1045 227 1104 p.
249 1021 314 1099 466
343 1022 384 1083 de
416 1020 509 1101 gallis
539 1030 707 1083 narrantur
734 1031 767 1085 et
796 1023 837 1085 de
865 1024 1009 1087 Miltiade
1040 1045 1083 1085 ex
1112 1025 1227 1085 eodem
1259 1022 1347 1086 fonte
1380 1044 1450 1086 esse

194 1128 309 1190 hausta
338 1126 404 1188 veri
435 1134 484 1187 est
512 1123 718 1188 simillimum.
775 1126 971 1209 Quanquam
1002 1131 1087 1192 enim
1110 1128 1218 1207 aliquo
1242 1129 1340 1192 modo
1364 1129 1449 1209 galli,

194 1233 248 1314 qui
278 1240 416 1293 mortem
446 1230 553 1311 potius
582 1232 758 1310 patiuntur,
798 1253 895 1315 quam
930 1244 965 1297 ut
991 1236 1106 1298 cedant
1137 1233 1331 1307 adversario,
1355 1257 1450 1317 παρα-

194 1336 340 1417 δείγματα
368 1333 483 1397 adferri
511 1345 647 1416 possunt
675 1336 838 1411 libertatis,
863 1359 946 1418 quae
974 1349 1023 1402 est
1044 1339 1075 1399 in
1097 1338 1251 1418 sapiente,
1275 1346 1385 1400 tamen
1408 1359 1450 1400 ex

194 1461 232 1503 ea
267 1460 350 1520 quae
383 1440 492 1502 addita
521 1449 570 1502 est
600 1443 845 1517 narratiuncula,
885 1464 948 1524 qua
978 1444 1147 1517 Miltiades,
1171 1442 1339 1504 Persarum
1373 1463 1450 1523 rege

193 1556 263 1610 tota
292 1547 392 1608 Asiae
425 1547 588 1607 iuventute
627 1546 668 1608 ad
710 1545 879 1611 Graeciam
913 1549 1143 1611 devastandam
1181 1545 1403 1628 proficiscente
1414 1548 1448 1627 1),

193 1653 309 1717 civium
331 1652 456 1714 animos
477 1651 652 1713 certamine
673 1652 833 1732 gallorum
857 1655 1002 1717 instituto
1031 1664 1200 1734 tantopere
1230 1662 1375 1714 narratur
1403 1653 1449 1713 in·

192 1757 385 1829 flammasse,
417 1765 452 1817 ut
481 1756 616 1836 arreptis
644 1758 740 1819 armis
768 1759 798 1820 in
821 1779 964 1840 pugnam
988 1768 1115 1821 ruerent
1135 1778 1193 1820 nec
1216 1756 1281 1819 tela
1304 1777 1362 1820 nec
1384 1757 1450 1818 vul·

192 1883 268 1925 nera
290 1870 447 1936 curantes,
467 1862 544 1922 dum
568 1862 667 1924 modo
689 1862 721 1925 in
743 1862 842 1927 libera
865 1865 968 1945 patria
990 1856 1206 1936 humarentur,
1238 1871 1382 1943 apparet,
1406 1882 1450 1924 ex

192 1967 273 2030 libro
295 1965 377 2029 haec
396 1966 568 2047 desumpta
589 1987 671 2042 esse,
695 1988 761 2048 quo
784 1990 849 2031 non
871 1969 1024 2050 sapientis
1047 1969 1177 2030 libertas
1192 1968 1448 2050 praedicabatur,

191 2073 248 2136 sed
277 2093 324 2146 ea,
360 2091 457 2151 quam
487 2071 633 2134 homines
662 2083 786 2154 putant.
832 2074 959 2136 Eodem
991 2093 1050 2135 nos
1080 2074 1200 2135 ducunt
1221 2073 1308 2136 Ionis
1338 2095 1448 2137 versus

192 2178 266 2259 (hoc
287 2197 351 2239 uno
374 2176 447 2238 loco
469 2177 608 2257 servati),
631 2178 746 2259 quibus
769 2181 800 2241 in
822 2180 910 2260 gallo
934 2179 1088 2252 laudatur,
1113 2179 1201 2258 quod
1217 2178 1355 2239 θάνατον
1377 2180 1448 2240 δου-

191 2283 317 2354 λοσύνας
345 2279 537 2363 προβέβουλε.
590 2280 683 2361 Quae
716 2294 893 2365 sequuntur
925 2284 1040 2346 verba:
1086 2285 1156 2355 τοὺς
1189 2277 1241 2342 οὖν
1274 2286 1386 2365 σοροὺς
1418 2285 1452 2344 τί

191 2387 322 2466 οἰόμεθα
328 2411 338 2463 ,·
361 2388 414 2446 οὐκ
429 2381 635 2465 ἀσμενέστατα
656 2388 791 2461 δουλείας
812 2390 1053 2462 ἀνταλλάξεσθαι
1069 2389 1223 2467 τελευτήν,·
1239 2412 1265 2449 κ.
1278 2412 1305 2449 τ.
1318 2393 1355 2466 λ.,
1379 2391 1448 2468 qui·

190 2496 250 2558 bus
281 2493 336 2556 illa
362 2493 513 2573 exempla
540 2494 581 2555 ad
613 2494 791 2574 sapientem
821 2494 1021 2568 adhibentur,
1053 2494 1255 2574 compilatori
1278 2495 1447 2557 tribuenda

191 2618 262 2662 esse
284 2607 429 2679 apparet,
450 2617 509 2660 nec
531 2598 646 2675 minus,
669 2617 708 2660 ea
729 2599 837 2680 inepta
859 2619 939 2661 esse.
984 2599 1067 2661 Nam
1091 2601 1116 2661 si
1138 2600 1266 2679 sapiens
1288 2599 1367 2660 liber
1388 2609 1445 2674 est,

190 2705 239 2764 καὶ
269 2700 307 2764 ἂν
342 2703 444 2781 μυρίοι
473 2700 511 2762 τὰ
541 2702 693 2764 δεσποτῶν
722 2703 861 2781 σύμβολα
889 2702 1087 2786 προφέροντες
1116 2703 1382 2780 ἓπανατείνιυνται,
1415 2705 1447 2766 id

190 2810 278 2892 quod
307 2828 362 2883 ea,
398 2827 480 2888 quae
510 2809 666 2888 sequitur,
702 2810 952 2890 interrogatione
985 2811 1247 2898 demonstratur,
1275 2811 1329 2890 qui
1361 2809 1446 2871 idem

190 2915 326 2987 δουλείας
351 2912 565 2985 ἀνταλλάξεται
587 2913 747 2993 τελευτήνλ
791 2913 856 2977 Sed
878 2935 943 2977 non
965 2924 1074 2996 potest
1096 2935 1160 2976 non
1183 2916 1214 2976 in
1237 2915 1372 2996 ineptias
1395 2916 1447 2977 de-

190 3020 270 3097 labi,
305 3021 331 3082 si
355 3020 426 3099 quis
458 3018 573 3081 librum
596 3020 636 3081 de
659 3019 805 3083 libertate
834 3040 907 3082 cum
939 3020 1020 3083 libro
1050 3021 1090 3082 de
1121 3020 1267 3082 libertate
1294 3021 1446 3101 sapientis

190 3125 363 3206 coniungit.
387 3160 428 3170 -
452 3123 558 3186 Minus
585 3134 697 3206 aperta
725 3146 774 3188 res
804 3135 853 3187 est
884 3125 915 3187 in
945 3127 990 3199 iis,
1022 3145 1105 3206 quae
1134 3134 1208 3187 ante
1231 3144 1366 3205 puerum
1386 3124 1446 3186 La·

189 3249 304 3293 eonem
333 3238 473 3305 exstant,
502 3229 766 3304 conclusionibus,
799 3229 915 3309 quibus
945 3250 987 3291 ex
1018 3229 1209 3292 athletarum
1233 3230 1345 3291 mortis
1372 3248 1445 3291 con·

187 3335 367 3416 temptione
397 3333 605 3408 concluditur,
642 3334 745 3397 multo
783 3336 885 3415 magis
914 3336 1075 3416 sapientes
1105 3355 1165 3416 pro
1196 3334 1343 3397 libertate
1372 3354 1444 3396 esse

273 3588 296 3656 ¹)
315 3591 373 3639 Hoc
398 3591 424 3640 iu
442 3592 582 3658 Miltiadem
606 3610 658 3642 non
686 3593 808 3658 quadrare
830 3605 945 3661 apparet,
965 3613 1012 3661 pro
1031 3612 1082 3661 quo
1100 3594 1298 3645 Themistoclem
1317 3603 1444 3658 exspecta-

187 3678 260 3737 veris,
276 3680 422 3743 praesertim
435 3696 492 3729 curn
505 3683 537 3730 de
549 3699 580 3731 eo
592 3681 685 3732 similia
697 3683 847 3733 terrerentur
858 3684 958 3733 Aelian.
971 3700 1023 3733 var.
1038 3682 1097 3732 hist.
1113 3684 1139 3732 II
1153 3683 1185 3732 28
1193 3680 1253 3736 Ὅτε
1262 3683 1445 3750 Θεμιστοκλῆς

186 3766 232 3818 ou
252 3766 317 3825 τοὺς
335 3763 493 3838 βαρβάρους
509 3768 587 3838 ἐξῆγε
607 3765 657 3837 τὴν
676 3757 821 3836 πολιτιιιὴν
841 3769 973 3840 δύναμιν,
992 3767 1178 3839 ἀλεκτρυόνας
1196 3765 1335 3824 ἐθεάσατο
1353 3790 1442 3840 μαχο-

185 3857 289 3919 μένους
301 3868 308 3882 ·
321 3855 388 3908 οὐδὲ
402 3851 496 3925 ἀργῶς
508 3857 611 3918 αὐτοὺς
623 3857 852 3925 είδεν·έαέστησε
866 3860 896 3912 δὲ
912 3856 960 3925 τήν
975 3859 1107 3929 στρατιὰν
1119 3864 1166 3913 καὶ
1179 3861 1232 3931 ἔφη
1246 3857 1317 3928 πρὸς
1328 3855 1443 3914 αὐτούς·

184 3938 257 3996 Ἀλλ’
280 3936 358 3997 οὗτοι
381 3945 435 4014 μὲν
459 3945 522 3999 οὔτε
547 3944 618 4018 ὑπὲρ
636 3948 773 4018 πατρίδος
790 3947 853 4000 οὔτε
873 3948 942 4018 ὑπὲρ
960 3945 1097 4019 πατρῴων
1115 3949 1197 4011 θεῶν,
1217 3947 1282 4002 οὐδὲ
1299 3945 1356 4018 μὴν
1374 3944 1444 4016 ὑπὲρ

186 4032 364 4104 προγονικῶν
384 4027 469 4102 ᾖρίων
486 4041 701 4088 κακοπαθοῦσιν
720 4036 784 4090 οὐδὲ
805 4035 874 4106 ὑπὲρ
900 4031 982 4102 δόξης
1006 4033 1071 4090 otu
1100 4036 1168 4107 ὑπὲρ
1192 4038 1352 4106 ἐλευθερίας
1376 4029 1442 4086 οὐδὲ

188 4117 259 4190 ὑπὲρ
282 4121 394 4175 παίδων
419 4116 476 4173 ἀλλ’
500 4121 572 4193 ὑπὲρ
594 4126 644 4176 τοῦ
668 4120 707 4193 μὴ
728 4121 882 4191 ἡττηθῆναι
905 4120 1033 4196 ἑκάτερος
1055 4125 1127 4195 μηδὲ
1156 4125 1226 4185 εἶξαι
1255 4126 1366 4194 θατέρῳ
1392 4120 1443 4176 τὸν

187 4207 290 4281 ἕτερον.
317 4209 403 4283 Ἄπερ
422 4205 472 4263 οὖν
490 4211 579 4265 εἰπών
596 4213 734 4285 ἐπέρρωσε
753 4212 818 4272 τοὺς
837 4210 1011 4278 Ἀθηναίους.
1047 4215 1099 4264 Sed
1116 4216 1257 4263 cavendum
1269 4224 1313 4274 est,
1337 4230 1369 4263 ne
1388 4230 1442 4262 mu·

186 4305 276 4361 temus,
295 4315 355 4349 nam
374 4299 447 4350 facile
466 4302 547 4365 potuit
566 4301 628 4361 fieri,
649 4311 676 4351 ut
695 4302 746 4351 duo
764 4303 834 4350 bella
851 4302 953 4367 duoque
973 4303 1017 4352 viri
1036 4303 1257 4352 confunderentur.
