3276 5040
672 389 884 454 —rr-

150 543 287 619 athletis,
311 544 366 624 qui
388 543 533 608 obscuris
556 545 681 608 virtutis
702 546 877 608 simulacris
892 544 1080 610 inflammati
1095 556 1267 630 utrumque
1284 546 1409 612 fortiter

150 650 264 712 ferunt.
309 650 464 711 Animum
488 652 582 726 enim,
606 652 655 713 cui
675 653 844 733 imperium
867 653 1011 733 corporis
1033 660 1092 728 est,
1117 654 1160 715 ita
1180 653 1286 716 habeo
1302 675 1407 716 corro-

150 756 309 830 boratum,
333 763 369 816 ut
390 775 503 817 omnes
527 755 657 819 dolores
679 766 817 838 superet.
840 794 882 803 -
904 756 1093 834 Cavendum
1115 759 1221 839 igitur,
1246 780 1285 821 ne
1308 759 1407 821 talem

150 862 287 924 bestiam
310 862 427 941 capias,
452 880 535 940 quae
558 882 622 923 non
646 863 743 925 robur
764 871 899 937 tantum,
922 865 979 925 sed
1002 865 1071 944 ipsa
1100 866 1206 946 specie
1238 864 1405 939 horribilis

150 988 248 1049 quam
268 968 309 1029 sit
323 965 580 1047 inexpugnabilis
596 976 629 1029 et
646 988 710 1030 non
723 970 959 1030 contemnenda
973 991 1051 1051 prae
1067 990 1102 1032 se
1117 969 1205 1032 fert«
1225 1007 1266 1016 -
1281 969 1407 1031 Deinde

141 1074 240 1154 =quod
264 1072 351 1135 nullo
373 1072 507 1134 transitu
530 1071 616 1135 facto
639 1094 678 1135 ne
701 1095 759 1155 per
788 1075 976 1155 particulam
1006 1076 1137 1155 quidem
1166 1075 1263 1138 ullam
1291 1096 1407 1156 propo-

151 1180 234 1240 nitur
256 1186 498 1259 argumentum:
549 1179 671 1258 ›Asyla
694 1180 793 1241 servis
822 1182 863 1242 ad
893 1201 931 1242 ea
960 1180 1216 1261 confugientibus
1246 1180 1407 1243 incolumi-

150 1293 251 1346 tatem
284 1284 440 1364 praebent
469 1292 501 1345 et
531 1283 682 1365 loquendi
710 1284 900 1361 libertatem,
931 1305 995 1366 qua
1025 1307 1122 1367 saepe
1143 1288 1187 1348 ita
1209 1296 1349 1361 utuntur,
1372 1295 1407 1348 ut

150 1390 287 1452 dominis
310 1410 374 1451 non
397 1409 499 1469 pareS,
523 1391 580 1451 sed
603 1392 783 1471 superiores
805 1392 876 1465 sint,
899 1400 932 1453 et
953 1391 1005 1467 illi,
1029 1393 1176 1474 quamvis
1206 1391 1304 1454 nobili
1333 1391 1406 1453 loco

151 1497 213 1557 sint
235 1496 309 1568 nati,
333 1503 467 1575 propter
489 1494 607 1556 malam
630 1497 858 1559 conscientiam
882 1497 963 1559 servi
985 1498 1161 1572 videantur,
1183 1518 1256 1559 cum
1281 1498 1340 1578 ipsi
1363 1517 1407 1558 ex

151 1600 212 1662 loci
235 1600 403 1662 sanctitate
425 1601 570 1681 corporis
592 1601 773 1663 libertatem
796 1603 856 1665 sibi
878 1612 1078 1666 assumentes
1107 1604 1204 1665 animi
1234 1603 1407 1664 ostendant

70 1739 72 1743 ,
151 1726 257 1767 mores
279 1705 397 1767 liberos
419 1715 460 1770 et.
475 1707 641 1787 ingenuos.
677 1706 821 1786 (Quanto
837 1708 940 1788 magis
957 1708 1055 1771 libere
1071 1708 1220 1789 loquetur
1234 1708 1362 1789 sapiens
1371 1707 1405 1788 ¹),

150 1811 208 1873 nisi
226 1812 298 1890 quis
319 1820 387 1873 tam
410 1811 526 1873 stultus
548 1822 606 1887 est,
629 1821 665 1874 ut
687 1814 773 1875 dicat
805 1814 878 1876 loca
904 1814 1034 1893 quidem
1064 1813 1213 1875 fiduciam
1241 1812 1405 1895 praebere,

150 1917 300 1978 virtutem
327 1925 435 1978 autem
465 1926 572 1998 neget,
601 1919 669 1980 sine
699 1940 762 1999 qua
790 1919 862 1981 loca
893 1919 1012 1980 nullam
1042 1920 1173 1980 omnino
1203 1919 1406 1980 sanctitatem

150 2021 315 2083 haberent.
360 2021 458 2084 Adde
481 2023 569 2102 quod
591 2024 695 2105 ii,.qui
717 2026 747 2086 in
770 2025 862 2104 asyla
884 2024 1106 2104 confugientes
1136 2046 1178 2086 ex
1207 2025 1280 2087 loco
1302 2023 1406 2086 solam

150 2128 208 2190 sibi
230 2128 434 2190 securitatem
458 2139 632 2200 assumunt,
658 2130 765 2191 multis
787 2130 855 2191 aliis
877 2130 972 2192 rebus
988 2131 1143 2211 exagitari
1170 2138 1315 2211 possunt,
1337 2150 1406 2191 mu-

152 2234 234 2296 lieris
268 2236 481 2315 corruptione,
512 2235 686 2296 liberorum
716 2235 853 2309 infamia,
884 2236 997 2298 deluso
1030 2257 1150 2309 amore,
1180 2257 1264 2310 cum,
1288 2237 1342 2318 qui
1365 2236 1406 2296 ad

150 2341 300 2401 virtutem
328 2339 532 2420 confugiunt,
566 2339 597 2401 hi
628 2349 741 2403 contra
769 2362 881 2404 omnes
911 2342 1168 2422 perturbationes
1193 2343 1257 2403 sint
1285 2341 1405 2402 muniti.

151 2445 225 2526 Qua
255 2446 308 2525 qui
338 2447 510 2507 instructus
539 2454 589 2507 est
618 2448 815 2525 constantia,
851 2447 1048 2510 confidenter
1075 2450 1103 2510 ei
1133 2446 1276 2529 profiteri
1303 2446 1404 2519 liceat,

151 2551 230 2613 alios
256 2551 386 2632 quidem
413 2549 559 2612 fortunae
589 2551 716 2614 casibus
745 2552 970 2627 succumbere,
1006 2553 1062 2634 ἐγὼ
1092 2551 1254 2632 δ”ἓμαοτοῦ
1284 2575 1311 2618 κ,
1331 2574 1359 2611 τ.
1378 2554 1405 2611 λ.

151 2658 276 2739 (versus
297 2655 361 2718 hoc
381 2676 445 2717 uno
469 2655 542 2718 loco
564 2658 721 2738 servati).‹<
743 2695 782 2703 -
800 2658 886 2719 Tum
901 2658 1101 2740 Theognidis
1120 2660 1194 2733 du0,
1219 2659 1273 2739 qui
1289 2667 1406 2738 poetae

151 2764 279 2824 nomine
302 2783 366 2824 non
389 2762 554 2824 nominato
577 2763 714 2825 citantur
735 2785 846 2826 versus
867 2784 940 2826 cum
960 2766 1238 2846 interpretatione:
1274 2764 1407 2847 »τὸγὰρ

151 2867 274 2948 πλάγιον
303 2868 353 2928 καὶ
383 2868 515 2928 ποικίλον
544 2869 593 2928 καὶ
624 2866 779 2949 ἀπατηλόν
808 2864 887 2949 ἦθος
915 2866 1119 2952 ἀγενέστατον,
1148 2868 1249 2953 ὥσπερ
1271 2870 1306 2930 τὸ
1328 2871 1407 2930 εὐθὺ

151 2975 200 3033 καὶ
226 2975 379 3034 ἄπλαστον
400 2976 450 3034 καὶ
474 2965 638 3034 ιἰνύτιοολον
660 2976 877 3056 εὐγενέστατον,
899 2977 995 3057 λόγων
1015 2977 1186 3056 βουλήμασι
1216 2976 1266 3035 καὶ
1294 2979 1406 3054 βουλη-

149 3079 255 3156 μιίτων
269 3078 365 3160 λόγοις
378 3080 596 3166 σοιαὸόντοινκ(
628 3080 687 3142 Cui
703 3083 955 3162 interpretationi
971 3082 1176 3163 respondent,
1195 3102 1278 3162 quae
1295 3101 1327 3161 p.
1342 3083 1401 3157 461

150 3187 293 3249 versibus
311 3187 430 3268 ιιίμιτρα
452 3209 479 3246 κ.
497 3210 523 3246 τ.
539 3190 566 3246 λ.
590 3185 777 3248 memoratis
799 3187 975 3250 adduntur:
999 3190 1042 3270 τῷ
1063 3189 1120 3270 γὰρ
1142 3186 1205 3247 ὄντι
1222 3185 1341 3247 durneto
1358 3187 1407 3245 καὶ

150 3293 290 3352 κολακεία
316 3294 365 3351 καὶ
389 3290 551 3373 ὑπόκρισις,
579 3291 610 3351 ἓν
632 3286 676 3364 οἷς
698 3291 777 3372 λόγοι
798 3292 930 3373 γνώμαις
952 3293 1161 3372 διαμάχονται,
1191 3289 1408 3373 δουλοπρεπέσ-

149 3421 242 3470 τατα,
268 3398 301 3456 τὸ
323 3396 356 3457 δι’
378 3392 500 3466 ἀνόθιος
517 3399 566 3457 καὶ
581 3398 707 3478 γνιγσίιος
728 3397 760 3457 ἐκ
779 3401 921 3481 καθαροῦ
934 3408 989 3459 τοῦ
1003 3397 1172 3469 συνειδότος
1190 3397 1405 3478 ἐλευθεροστο-

149 3511 218 3581 μεῖν
240 3501 384 3583 εὐγενίοα
405 3503 565 3584 ἁρμόττον.
588 3503 815 3565 -Postremo
833 3504 873 3565 ad
889 3507 1112 3585 quaestionem
1127 3504 1308 3566 revocanda
1323 3510 1406 3575 sunt,

150 3629 233 3688 quae
254 3610 403 3690 proxime
425 3610 465 3698 de
487 3611 587 3671 servis
602 3609 803 3671 manumissis
819 3620 1011 3691 sequuntur:
1039 3610 1192 3672 ›Ridiculi
1208 3617 1282 3671 sunt
1297 3608 1338 3688 ei,
1353 3608 1408 3687 qui

151 3733 246 3774 manu
271 3713 357 3774 missi
379 3735 399 3775 a
420 3715 558 3776 dominis
581 3723 754 3795 propterea
774 3736 809 3777 se
832 3715 948 3778 liberos
970 3737 1042 3779 esse
1056 3716 1264 3778 arbitrantur:
1289 3712 1407 3775 etenim

152 3819 210 3879 etsi
234 3817 342 3880 famuli
365 3840 429 3882 non
448 3819 510 3881 iam
534 3829 608 3882 sunt
630 3841 689 3882 nec
711 3822 872 3902 vernae2),
895 3830 1004 3884 tamen
1027 3823 1110 3883 servi
1126 3828 1201 3882 sunt
1216 3840 1289 3881 cum
1307 3816 1407 3879 homi-

237 4032 258 4097 ¹)
274 4033 528 4098 argumentationem,
549 4033 584 4082 uti
602 4049 670 4083 nunc
687 4040 734 4093 est,
754 4033 889 4082 absurdam
907 4034 1014 4084 restituit
1033 4032 1248 4088 Wilamowitzius‚
1277 4046 1334 4080 cum
1359 4028 1408 4076 ad-

150 4123 214 4171 didit
231 4119 321 4190 (πίσῳ
337 4119 446 4190 μᾶλλον
464 4115 725 4192 ίλεοθεροστομήσει
739 4117 754 4171 ὁ
768 4121 933 4185 σπουδαῖος)
949 4123 975 4172 tl
985 4118 1024 4189 μὴ
1039 4124 1102 4173 λίαν
1114 4119 1187 4172 οὕτω
1199 4124 1239 4177 τίς
1255 4118 1330 4170 ἐστιν
1342 4110 1408 4168 ‹ltd-

149 4228 244 4278 γιστος
260 4231 283 4262 κ.
296 4231 319 4262 τ.
332 4213 354 4262 l.

236 4297 257 4363 2)
274 4301 380 4353 οἰκέται
396 4300 451 4373 μὲν
474 4295 529 4371 γὰρ
553 4293 647 4352 οὕκειῗ
673 4300 777 4371 ὁμοίως
800 4294 855 4364 (ἅν)
872 4297 927 4352 εἶεν
945 4295 997 4366 οἵγ’
1018 4295 1178 4368 ἀφειμένοι,
1199 4297 1298 4348 doulos
1316 4295 1408 4348 δὲκαὶ

147 4392 297 4456 μαστιγίαι
313 4384 425 4448 πάντως
441 4389 596 4454 (Wilamow.
614 4381 718 4447 πάντες
735 4388 829 4454 codd).
