3276 5040
706 395 919 472 ,46-

188 568 302 650 peritia
332 575 381 629 est
410 574 443 628 et
473 574 547 627 sunt
577 565 719 627 nonnulli
749 585 861 628 eorum
888 564 987 638 liberi,
1010 584 1090 645 ergo
1112 565 1210 626 etiam
1233 563 1272 638 ei,
1293 561 1349 643 qui
1371 580 1446 624 curn

189 673 226 735 iis
248 691 352 752 aequa
375 670 447 752 lege
470 670 705 750 colloquuntur.
750 669 857 731 Nemo
880 669 976 751 igitur
997 668 1119 749 probus
1142 688 1207 730 non
1227 676 1277 730 est
1299 667 1389 730 liber.
1407 701 1447 711 -

186 778 241 840 Ex
262 778 377 841 eadem
400 785 509 838 autem
532 796 636 856 aequa
666 775 819 856 loquendi
848 773 995 836 libertate
1025 773 1153 855 probari
1183 781 1301 856 potest,
1333 791 1448 834 omnes

187 882 292 946 malos
323 902 435 944 servos
464 901 543 943 esse.
589 881 637 944 Ut
665 881 750 943 enim
777 881 823 953 iis,
854 879 908 958 qui
935 877 1011 939 artis
1039 877 1171 940 alicuius
1193 879 1332 960 imperiti
1362 886 1446 951 sunt,

187 1007 252 1050 non
278 986 352 1049 licet
374 1006 417 1048 ex
439 1005 544 1066 aequo
568 986 731 1067 disputare
753 1005 827 1046 cum
850 984 896 1056 iis,
920 984 974 1064 qui
996 982 1064 1045 eius
1086 993 1160 1047 sunt
1180 983 1283 1064 periti,
1306 983 1394 1045 idem
1417 981 1448 1043 in

187 1093 253 1157 vita
274 1090 319 1153 fit.
364 1090 468 1171 Atqui
491 1090 649 1165 omnibus,
674 1091 728 1171 qui
749 1089 837 1153 liberi
860 1096 942 1162 sunt,
965 1088 1092 1169 legibus
1114 1088 1309 1164 conceditur,
1340 1096 1376 1150 ut
1406 1106 1449 1148 ex

188 1217 293 1279 aequo
316 1195 480 1276 disputent
504 1196 547 1277 (et
569 1203 642 1257 sunt
665 1194 807 1258 nonnulli
827 1195 987 1256 bonorum
1010 1193 1110 1276 liberi)
1135 1202 1168 1255 et
1182 1201 1256 1255 sunt
1272 1191 1350 1254 mali
1364 1191 1449 1253 vitae

190 1321 296 1364 rerum
319 1301 465 1381 imperiti,
490 1300 581 1381 probi
605 1301 708 1381 periti.
751 1300 857 1361 Nemo
880 1301 975 1379 igitur
990 1297 1094 1360 malus
1109 1296 1189 1359 liber
1204 1306 1262 1373 est,
1285 1297 1344 1359 sed
1366 1295 1449 1358 servi

192 1415 266 1470 sunt
285 1425 426 1468 omnes«
473 1404 714 1486 Philosophiam
745 1404 871 1467 vivendi
902 1413 1004 1465 artem
1034 1401 1174 1475 definire,
1209 1421 1274 1490 qua
1302 1423 1346 1464 ex
1375 1398 1450 1462 defi-

191 1511 310 1574 nitione
334 1511 416 1572 duae
439 1509 500 1571 hae
516 1510 737 1572 conclusiones
755 1507 1007 1590 proficiscuntur,
1024 1506 1239 1589 Stoicorum1)
1263 1527 1334 1570 esse
1354 1524 1452 1569 nemo

190 1617 300 1679 nescit.
344 1614 450 1676 Paene
480 1616 594 1677 eadem
624 1623 732 1677 autem
765 1613 1015 1694 argumentatio,
1051 1633 1135 1692 quae
1163 1613 1215 1675 hic
1239 1612 1451 1684 concluditur,

194 1721 281 1802 apud
309 1719 495 1799 Epictetum
515 1719 565 1780 IV
592 1737 617 1795 1,
645 1735 702 1801 117
724 1728 788 1781 est:
817 1755 862 1766 -
890 1717 985 1789 οὕτως
1014 1715 1061 1800 ἐφ’
1084 1710 1209 1798 ἑκάστης
1229 1718 1302 1798 ὕλης
1322 1718 1376 1778 τὸν
1399 1714 1453 1794 ἕμ-

190 1847 293 1907 πειρον
312 1831 368 1884 τοῦ
383 1824 506 1904 ἀπείρου
522 1831 644 1906 κρατεῖν
657 1833 740 1886 πᾶσα
756 1823 878 1905 ἀνάγκη.
909 1818 1011 1894 Ὅστις
1026 1816 1078 1883 οὖν
1093 1822 1229 1884 καθόλου
1242 1824 1298 1902 τὴν
1307 1823 1375 1904 περὶ
1386 1822 1454 1900 βίον

193 1930 359 2008 ἐπιστήμην
381 1927 532 2008 κέκτηται,
555 1931 588 1991 τί
606 1923 678 1991 litto
699 1930 718 2010 ἢ
741 1940 847 1991 τοῦτον
870 1923 944 1988 εἶναι
966 1930 1016 1988 ὸέἴ
1027 1928 1080 1988 τὸν
1094 1928 1242 2009 δεσπότην
1249 1953 1259 2005 ,·
1282 1964 1324 1974 -
1345 1926 1453 2008 Quan-

194 2056 292 2117 quam
314 2055 361 2108 ea,
385 2053 449 2113 qua
469 2034 521 2098 hic
543 2047 768 2117 proponuntur
789 2035 902 2108 forma,
933 2034 1003 2095 illas
1028 2033 1249 2096 conclusiones
1279 2053 1346 2096 non
1376 2034 1452 2095 inte-

192 2160 266 2222 gras
296 2158 375 2213 esse,
407 2160 503 2201 nemo
530 2142 670 2222 negabit,
701 2141 755 2222 qui
783 2140 881 2221 paulo
911 2138 1089 2201 accuratius
1117 2159 1172 2201 eas
1192 2138 1453 2202 consideraverit.

191 2245 244 2308 Ac
267 2245 405 2326 primum
428 2246 559 2323 quidem
582 2247 723 2326 priorem
738 2246 920 2307 videamus:
945 2243 1052 2306 Servis
1069 2264 1133 2306 non
1149 2244 1222 2306 licet
1238 2243 1338 2306 libere
1353 2242 1453 2324 loqui.

192 2351 305 2430 Atqui,
336 2350 424 2430 quod
453 2350 484 2410 in
515 2350 643 2430 reliquis
674 2350 794 2413 artibus
824 2349 870 2424 fit,
894 2358 929 2410 ut
951 2350 996 2424 iis,
1026 2349 1080 2428 qui
1102 2349 1194 2430 periti
1217 2350 1280 2411 sint
1302 2350 1380 2411 artis
1402 2346 1454 2410 ali·

193 2456 291 2529 cuius,
314 2474 418 2533 aequa
440 2456 522 2517 inter
544 2476 578 2517 se
601 2455 807 2534 colloquendi
829 2454 958 2517 libertas
980 2455 1082 2529 detur,
1113 2455 1227 2517 eadem
1257 2454 1366 2516 lexin
1388 2453 1456 2516 vita

192 2559 289 2622 valet.
335 2557 505 2639 Sapientes
528 2569 636 2637 autem
659 2580 773 2621 omnes
796 2579 902 2622 rerum
923 2560 964 2622 ad
987 2560 1086 2621 vitam
1110 2560 1338 2640 pertinentium
1359 2559 1454 2641 periti

194 2673 276 2728 sunt.
308 2701 347 2712 —
375 2666 623 2747 exspectaveris,
655 2665 742 2744 quod
773 2665 853 2726 ratio
883 2665 989 2736 docet,
1018 2665 1085 2726 sine
1111 2684 1202 2726 mora
1224 2665 1268 2726 sic
1288 2662 1455 2726 concludi:

197 2790 277 2848 ergo
300 2788 438 2849 aequam
460 2770 501 2831 de
523 2771 589 2831 vita
609 2768 815 2849 colloquendi
837 2769 1019 2832 libertatem
1041 2768 1170 2844 habent,
1201 2779 1235 2831 ut
1254 2789 1370 2831 omnes
1393 2769 1457 2831 sint

194 2874 293 2937 liberi.
339 2874 400 2935 Pro
428 2893 467 2936 eo
491 2871 646 2936 libertatis
669 2874 852 2936 notionibus
877 2875 958 2936 inter
980 2894 1015 2936 se
1040 2874 1174 2936 diversis
1192 2860 1384 2955 permutatis
1408 2895 1457 2938 se·

196 2986 336 3059 quuntur
357 2977 454 3040 haec:
478 2986 511 3039 et
533 2986 608 3040 sunt
630 2979 772 3041 nonnulli
793 2980 955 3060 sapientes
976 2978 1066 3042 liberi
1089 2980 1147 3062 (ex
1162 2980 1228 3041 iure
1244 2979 1348 3060 civili),
1373 2999 1456 3061 ergo

195 3085 292 3147 etiam
315 3085 352 3159 ei,
378 3083 493 3163 quibus
515 3082 589 3145 licet
610 3103 654 3144 ex
674 3103 779 3163 aequo
804 3104 877 3146 cum
893 3085 929 3145 iis
944 3083 1095 3165 colloqui,
1112 3093 1147 3146 ut
1164 3105 1277 3148 omnes
1292 3084 1458 3166 sapientes

175 3257 179 3264 ,
197 3190 286 3253 liberi
301 3191 372 3264 sint,
389 3189 433 3269 (id
448 3198 555 3251 estex
570 3189 636 3250 iure
653 3191 806 3270 naturae).
841 3187 927 3268 Quid
944 3191 1151 3251 statuendum
1171 3191 1211 3252 sit
1225 3192 1256 3252 in
1277 3191 1338 3252 hac
1353 3210 1399 3264 re,
1425 3190 1459 3252 in

196 3304 351 3376 promptu
367 3303 425 3360 est.
460 3294 571 3356 Verba
583 3295 633 3354 nul
651 3294 709 3356 elul
721 3317 799 3366 τινες
814 3296 915 3355 αὐτῶν
930 3292 1092 3376 ἐλεύθεροι,
1105 3294 1180 3357 ὥστε
1194 3296 1244 3355 καὶ
1256 3294 1319 3357 ὅσοι
1336 3294 1459 3368 τούτοις

200 3400 352 3480 ἰσηγορίας
365 3397 549 3478 μετέχουσιν,
567 3420 650 3479 quae
665 3399 803 3462 absurde
820 3399 1059 3462 conclusionem
1075 3401 1272 3480 perturbant,
1293 3421 1312 3463 a
1334 3402 1458 3482 compi-

197 3505 300 3567 latore
318 3505 474 3568 inculcata
490 3516 573 3587 sunt,
586 3526 683 3585 quem
695 3508 775 3567 duas
787 3504 941 3567 libertatis
953 3506 1099 3568 notiones
1111 3526 1176 3568 non
1188 3506 1332 3588 potuisse
1348 3505 1459 3569 distin-

199 3630 298 3691 guere
313 3629 412 3691 supra
427 3611 504 3672 satis
519 3631 680 3692 superque
695 3612 772 3673 satis
789 3611 935 3672 vidimus.
950 3644 991 3656 -
1003 3610 1171 3673 Difficilior
1182 3632 1232 3674 res
1245 3621 1295 3674 est
1306 3611 1338 3672 in
1351 3611 1462 3674 altera

202 3716 461 3795 interrogatione,
475 3736 558 3797 quae
569 3716 660 3778 sicuti
673 3736 756 3778 nunc
768 3717 898 3797 quidem
916 3725 973 3790 est,
991 3736 1121 3796 prorsus
1137 3737 1290 3797 perversa
1304 3725 1363 3792 est,
1382 3737 1460 3780 cum

198 3821 243 3881 sic
266 3820 437 3900 procedat:
482 3819 530 3883 Ut
558 3822 588 3882 in
619 3820 746 3901 reliquis
770 3821 900 3895 artibus,
931 3822 976 3883 sic
1004 3825 1034 3882 in
1058 3821 1123 3883 vita
1145 3822 1263 3884 nemini
1285 3841 1393 3883 rerum
1417 3824 1463 3886 ad

284 4094 306 4160 1)
323 4098 407 4146 Locos
424 4098 443 4146 si
468 4098 524 4162 quis
543 4098 641 4162 quaerit
658 4105 755 4162 praeter
771 4098 879 4162 Epicteti
903 4113 978 4162 quem
1002 4097 1138 4146 adtulimus
1155 4098 1249 4157 locum,
1268 4098 1383 4148 conferat
1405 4098 1462 4149 Cic.

199 4188 276 4235 Tusc.
297 4188 323 4235 11
344 4199 383 4235 12.
408 4185 451 4235 fin.
473 4186 549 4245 1114
573 4201 613 4234 ars
637 4193 674 4234 est
696 4187 762 4235 enim
786 4186 948 4250 philosophia
970 4186 1043 4234 vitae.
1089 4185 1185 4234 Seneca
1203 4203 1242 4251 ep.
1261 4198 1303 4251 95,
1322 4199 1345 4249 7.
1384 4185 1463 4237 Stob.

200 4274 246 4322 ecl.
265 4274 292 4321 II
313 4287 368 4322 120.
387 4269 489 4344 ἀρετὴν
506 4275 572 4341 περὶ
591 4269 656 4325 ὅλον
675 4269 762 4326 οὖσαν
781 4269 830 4325 τὸν
848 4277 911 4338 βίον
929 4275 1036 4342 τέχνην.
