3276 5040
707 394 916 454 ,42..

188 569 301 612 versus
316 570 378 611 una
394 569 468 611 cum
485 549 727 629 comparatione
743 548 895 629 sapientis
906 568 980 610 cum
992 546 1115 611 athleta
1126 545 1322 624 adferuntur,
1339 547 1372 610 id
1386 546 1447 611 lor·
1528 622 1535 630 ,

187 655 269 718 tuito
286 653 406 717 sactum
430 664 488 716 est.
511 654 707 716 —Prorsus
730 654 844 716 eadem
867 662 976 715 autem
997 653 1207 735 comparatio,
1231 672 1315 732 quae
1329 653 1390 728 hic,
1414 654 1447 716 in

188 757 332 823 Senecae
344 759 413 823 libri
429 761 470 823 de
486 769 589 823 const.
607 780 633 822 c.
647 758 694 819 IX
712 772 727 836 5
745 766 808 820 est:
833 757 886 820 Sic
901 759 932 820 in
947 759 1172 822 certaminibus
1187 756 1285 821 sacris
1299 757 1447 839 plerique

190 863 342 939 vicerunt,
356 866 559 929 caedentium
572 884 685 926 manus
695 863 856 926 obstinata
867 863 1021 943 patientia
1034 863 1215 945 fatigando:
1232 884 1275 926 ex
1290 863 1354 925 hoc
1368 870 1449 945 puta

188 989 306 1050 genere
336 972 514 1052 sapientem
545 989 667 1045 eorum,
697 968 750 1049 qui
779 968 1007 1031 exercitatione
1037 969 1135 1050 longa
1166 989 1204 1031 ac
1232 967 1319 1032 fideli
1348 969 1448 1032 robur

188 1075 388 1155 perpetiendi
412 1075 616 1156 lassandique
638 1093 767 1136 omnem
790 1072 950 1135 inimicam
972 1074 1037 1135 vim
1060 1075 1224 1137 consecuti
1243 1082 1333 1151 sunt;
1357 1093 1447 1155 prae·

186 1188 275 1243 terea
298 1179 337 1242 cf.
361 1180 503 1243 eiusdem
527 1199 570 1242 ex
592 1167 678 1241 libris
707 1177 748 1239 de
777 1178 822 1239 ira
851 1177 959 1240 locum
989 1200 1020 1260 p.
1044 1196 1084 1259 39
1113 1179 1266 1243 adlatum.
1299 1214 1341 1224 -
1374 1177 1449 1241 »Ad

188 1304 272 1364 quae
295 1284 466 1364 respiciens
483 1284 695 1347 Antisthenes
716 1282 838 1345 bonum
860 1283 963 1344 virum
986 1284 1158 1347 molestam
1178 1305 1257 1348 esse
1287 1283 1447 1346 sarcinam

175 1389 269 1452 'dixit
279 1390 302 1471 ¹)
333 1391 432 1471 (quod
458 1387 588 1466 dictum,
620 1397 775 1469 quantum
798 1388 875 1463 scio,
898 1388 960 1451 hoc
983 1410 1047 1452 uno
1070 1390 1144 1452 loco
1166 1399 1330 1453 servatum
1352 1397 1403 1452 est
1412 1389 1447 1469 2).

187 1532 228 1541 —
252 1495 286 1556 A
308 1494 396 1557 nullo
419 1494 515 1575 igitur
537 1496 662 1575 cogitur
685 1493 821 1574 sapiens,
845 1493 966 1574 quippe
987 1515 1061 1558 cum
1083 1494 1230 1558 dolorem
1250 1502 1447 1568 contemnat,

158 1628 160 1633 ⁴
186 1608 371 1662 contemnat
394 1609 533 1661 mortem
555 1599 692 1680 legeque
715 1607 846 1660 naturae
866 1618 979 1661 omnes
1002 1600 1184 1681 insipientes
1205 1600 1264 1663 sibi
1283 1599 1447 1662 subiectos

186 1703 312 1766 habeat.
352 1704 437 1766 Nam
460 1705 735 1784 quemadmodum
760 1702 850 1784 gregi
874 1713 1004 1784 pastore
1021 1726 1104 1787 opus
1120 1713 1178 1781 est,
1202 1706 1247 1767 sic
1262 1704 1446 1768 hominibus

188 1819 312 1872 rectore
335 1818 367 1872 et
389 1809 612 1890 gubernatore.
650 1808 889 1871 Gubernatores
911 1818 1017 1872 autem
1040 1811 1201 1892 sapientes
1221 1817 1305 1872 sunt.
1347 1807 1446 1890 Quod

187 1916 272 1977 enim
294 1915 458 1977 Homerus
480 1935 573 1996 reges
596 1913 792 1996 populorum
814 1923 962 1994 pastores
984 1916 1089 1977 dicere
1111 1915 1204 1989 solet,
1241 1914 1304 1977 hoc
1326 1935 1446 1978 nomen

186 2029 299 2082 natura
320 2019 413 2081 bonis
435 2019 582 2094 vindicat,
606 2040 680 2082 cum
702 2019 745 2080 illi
768 2028 939 2100 pascantur
960 2021 1076 2101 potius,
1101 2040 1198 2101 quam
1222 2028 1367 2101 pascant,
1392 2021 1446 2101 qui

187 2127 259 2189 vino
284 2123 387 2186 forma
416 2124 549 2204 aliisque
579 2125 735 2187 illecebris
765 2123 973 2205 pelliciantur,
1004 2124 1080 2187 boni
1104 2125 1189 2188 nulla
1212 2145 1246 2186 re
1269 2125 1445 2207 capiantur,

186 2231 243 2293 sed
267 2238 420 2292 moneant
443 2231 539 2292 etiam
562 2239 594 2291 et
615 2230 781 2310 castigent,
805 2229 831 2290 si
853 2249 936 2309 quos
958 2229 1092 2293 viderint
1117 2231 1294 2311 voluptatis
1313 2229 1445 2311 ,laqueis

186 2509 223 2576 γῆ
247 2504 270 2558 τ’
290 2503 348 2560 όνω
367 2511 407 2566 εἰς
425 2511 525 2576 αἰθέρα
544 2510 584 2558 hic
610 2511 646 2578 γῆ
661 2504 686 2558 δ’
707 2503 764 2560 ἅνω
783 2512 821 2567 εἰς
845 2506 972 2580 οὐρανόν.
992 2505 1175 2574 ἀπαντλῆσαι.
1200 2511 1283 2577 (quod
1307 2523 1354 2563 σοι
1372 2512 1398 2560 in
1417 2527 1447 2565 σε

186 2607 282 2646 mutato
300 2597 495 2662 pulcherrimum
510 2596 557 2661 est)
577 2626 612 2634 -
632 2593 798 2663 ἀπαντῆσαι.
831 2614 888 2646 nam
901 2599 970 2663 quod
983 2603 1106 2650 πίνουσα
1124 2617 1170 2663 pro
1185 2604 1277 2652 πίνων
1289 2601 1359 2664 apud
1372 2601 1444 2651 illum

186 2687 286 2752 legitur,
308 2702 365 2734 cum
383 2680 513 2751 ἀλγηδών
533 2686 680 2750 appelletur,
701 2688 733 2735 de
751 2688 872 2735 industria
889 2687 1002 2736 mutavit.

273 2808 294 2871 ¹)
312 2803 522 2874 δυσβάστακτον
540 2808 611 2862 εἶναι
629 2808 679 2861 τὸν
697 2804 820 2862 uiuacior:
849 2810 919 2858 Num
939 2809 989 2856 iam
1007 2809 1171 2858 Antisthenes
1193 2811 1318 2861 adiectivo
1339 2806 1448 2872 ἀστεῖος

188 2896 221 2944 ad
246 2896 440 2960 significandum
464 2897 546 2945 virum
570 2901 679 2962 probum
704 2915 763 2947 usus
787 2899 825 2954 sit,
852 2898 914 2945 mihi
938 2897 1013 2945 valde
1031 2897 1136 2946 dubium
1155 2907 1200 2958 est,
1221 2916 1368 2965 quanquam
1386 2902 1447 2952 certi

188 2985 326 3048 quidquam
345 2984 377 3032 de
392 2999 422 3034 eo
438 2987 528 3034 docere
541 3002 593 3035 non
606 3003 717 3052 possum.
756 2989 786 3035 In
805 2986 905 3049 reliquis
922 2985 983 3043 eius,
1009 3001 1073 3049 quae
1090 2986 1152 3046 mihi
1169 2999 1270 3051 praesto
1285 2997 1357 3039 erant
1376 2992 1448 3054 frag-

139 3133 142 3138 ,
187 3074 278 3122 mentis
301 3069 410 3132 ἀστεῖος
433 3090 479 3138 pro
504 3076 585 3142 σοφῷ
610 3076 671 3124 mihi
693 3092 745 3124 non
769 3074 884 3131 occurrit,
909 3089 991 3138 neque
1016 3075 1129 3133 omnino,
1164 3077 1234 3140 quod
1260 3078 1345 3138 sciam,
1379 3079 1448 3144 apud

187 3163 320 3226 scriptores
344 3164 426 3227 quarti
450 3164 544 3213 saeculi
568 3164 631 3212 illud
655 3163 806 3211 adiectivum
828 3162 863 3210 sic
881 3167 1024 3226 usurpatur.
1067 3163 1104 3210 Ex
1130 3164 1218 3213 lexicis
1235 3165 1299 3214 nihil
1316 3166 1445 3226 discimus,

188 3251 235 3299 nisi
259 3252 329 3316 quod
347 3253 531 3316 Aristophanes
553 3253 689 3316 Byzantius
714 3247 840 3321 ὀνόματα
864 3244 973 3312 ἡλικιῶν
993 3267 1012 3298 s.
1031 3267 1055 3299 v.
1072 3245 1156 3310 ἀστός
1182 3251 1285 3316 (Miller,
1311 3255 1446 3320 Melanges

189 3336 278 3403 [1868]
298 3357 324 3404 p.
344 3338 406 3404 432)
425 3341 451 3388 in
469 3341 611 3388 universum
629 3341 691 3388 haec
711 3339 785 3388 dicit:
807 3338 877 3390 ἔνιοι
896 3336 927 3388 δὲ
947 3336 1002 3387 τῶν
1020 3334 1187 3408 φιλοσόφων
1206 3335 1254 3392 τὸν
1270 3336 1381 3394 ἀστεῖον
1398 3343 1448 3395 ἐπὶ

188 3432 237 3477 τοῦ
257 3432 399 3495 φρονίμου
417 3429 463 3478 καὶ
486 3423 596 3493 ιἰγαθοῦ
616 3424 719 3496 ἀνδρὸς
736 3421 874 3478 τάττουσι.
911 3426 973 3474 Illos
992 3436 1075 3476 autem
1093 3428 1261 3494 philosophos
1269 3417 1375 3480 'Stoicos
1393 3447 1446 3481 esse

188 3515 373 3578 intellegendos
391 3516 460 3564 haud
478 3517 529 3565 scio
548 3533 580 3566 an
598 3533 628 3565 ex
648 3516 776 3564 Ciceronis
794 3516 826 3562 ad
844 3516 924 3564 famil.
947 3515 991 3564 lib.
1013 3517 1053 3564 III
1072 3531 1111 3580 ep.
1132 3528 1145 3578 7
1165 3518 1285 3582 colligere
1302 3519 1387 3578 liceat,
1403 3520 1448 3568 ubi

187 3603 250 3651 haec
270 3611 339 3653 sunt:
366 3605 479 3663 Quaeso,
501 3605 608 3655 etiamne
626 3614 653 3654 tu
672 3604 717 3653 has
735 3604 850 3668 ineptias,
871 3604 949 3652 homo
966 3619 1023 3652 mea
1040 3606 1163 3655 sententia
1181 3621 1278 3655 summa
1301 3608 1445 3671 prudentia,

188 3691 268 3739 multa
292 3692 368 3740 etiam
391 3693 515 3754 doctriua,
539 3695 648 3758 plurimo
672 3709 754 3741 rerum
776 3708 832 3750 usu,
853 3693 921 3740 addo
939 3693 1148 3752 urbanitate,
1169 3711 1233 3759 quae
1251 3703 1289 3743 est
1309 3696 1397 3754 virtus,
1419 3704 1448 3746 ut

188 3779 295 3827 Stoici
314 3781 448 3830 rectissime
465 3790 564 3846 putant,
585 3781 662 3830 ullam
681 3781 842 3845 Appietatem
860 3807 894 3815 -
905 3781 989 3828 valere
1000 3783 1069 3845 apud
1082 3798 1121 3830 me
1134 3783 1191 3846 plus
1203 3798 1279 3847 quam
1295 3791 1445 3833 ornamenta

187 3867 287 3916 virtutis
309 3868 442 3918 existimas

276 3987 297 4053 2)
314 3991 478 4040 Antecedunt
496 3992 573 4040 haec:
595 3987 652 4043 ἀλλ’
673 3987 795 4043 ἄπιστον
814 3994 879 4049 ἴσως
898 3994 956 4049 τοῖς
972 3989 1012 4062 μὴ
1030 3988 1208 4047 πεπονθόσιν
1231 3991 1330 4066 ἀρετὴν
1350 3997 1391 4062 (-
1411 3997 1448 4070 τῇ

188 4078 244 4130 cod.
264 4079 343 4143 Med.)
361 4077 392 4129 τὸ
411 4076 570 4146 λεγόμενον,
587 4083 634 4131 καὶ
657 4078 711 4150 γὰρ
734 4076 845 4131 κάκεῖνο
863 4082 921 4139 τοῖς
941 4080 1006 4140 τοὺς
1024 4080 1251 4150 παγκρατιαστὰς
1271 4082 1320 4136 οὐκ
1338 4084 1449 4136 ἰδοῦσι.

187 4170 286 4234 γέγονε
305 4167 335 4218 δὲ
356 4166 440 4220 οὐδὲν
459 4151 542 4233 ἧττον
566 4165 607 4220 ἐπ’
635 4164 775 4233 ἀληθείας.
819 4171 867 4217 Pro
886 4163 1064 4221 πεπονθόσιν
1083 4166 1191 4240 ἀρετήν,
1216 4173 1285 4236 quod
1304 4173 1449 4222 inauditum

187 4263 232 4316 est,
254 4256 341 4320 Mang.
359 4257 433 4304 scribi
455 4257 524 4306 iubet
541 4252 703 4309 πεπονθόσι
723 4253 793 4328 πρὸς
811 4252 921 4323 ἀρετὴν,
940 4260 1010 4323 quod
1023 4260 1095 4308 aliter
1107 4277 1159 4309 non
1172 4268 1256 4324 potest
1271 4261 1385 4325 intellegi
1398 4261 1448 4311 nisi

188 4351 216 4391 ut
234 4344 279 4392 sit:
314 4344 438 4393 desiderio
456 4346 497 4394 vel
516 4361 601 4394 amore
619 4345 717 4394 virtutis
735 4346 837 4404 affectis,
850 4348 1058 4397 Wilamowitzius
1075 4342 1330 4419 (προσ)πεπονθόσι
1352 4345 1442 4422 ἀρετῇ
1444 4389 1450 4400 .
