3276 5040
714 402 925 462 „24-

191 555 360 637 apparebit
382 557 413 630 in
435 555 480 627 iis,
505 574 588 634 quae
608 552 688 616 infra
712 563 747 617 ut
769 575 788 617 a
810 553 1021 635 compilatore
1044 557 1153 617 addita
1182 556 1323 617 notanda
1345 563 1448 629 erunt,

192 671 226 723 ut
254 681 318 723 non
348 661 480 723 dubium
509 661 558 734 sit,
596 661 672 741 quin
701 661 788 723 idem
815 660 925 734 homo,
961 660 1015 742 qui
1043 659 1190 722 Iudaicos
1226 659 1333 733 locos,
1367 679 1449 739 quos

190 767 368 828 maximam
390 774 516 847 partem
539 786 583 827 ex
606 764 738 827 Philone
760 770 957 846 ,desumptos
986 785 1057 827 esse
1085 766 1238 839 vidimus,
1270 763 1449 839 inculcavit,

189 880 296 934 totum
318 872 433 934 librum
456 873 624 933 consuerit.

276 975 341 1039 Sed
364 975 457 1057 plura
479 996 523 1038 ex
546 975 682 1038 exordio
705 976 900 1038 removenda
923 983 1005 1049 sunt,
1029 983 1064 1037 ut
1086 975 1246 1057 integrum
1268 975 1318 1037 sit.
1362 975 1447 1037 Lau-

190 1082 268 1143 dato
290 1081 570 1162 Pythagoreorum
593 1087 784 1162 praecepto:
809 1100 848 1142 ne
871 1080 943 1160 quis
958 1080 1085 1143 incedat
1100 1101 1158 1162 per
1173 1079 1258 1143 viam
1273 1079 1448 1162 publicam,

189 1184 278 1262 quod
308 1184 362 1263 qui
391 1206 467 1248 vere
495 1204 597 1265 usque
626 1206 665 1248 eo
692 1184 917 1266 philosophiae
940 1185 1145 1259 studuissent,
1170 1206 1263 1248 suum
1287 1184 1447 1260 iecissent,

189 1287 284 1370 λόγων
306 1291 356 1349 καὶ
379 1289 538 1371 δογμάτων
554 1288 634 1363 ἰδέας
649 1290 893 1364 constituentes
910 1311 929 1352 a
945 1289 1060 1369 quibus
1076 1291 1208 1372 impuris
1223 1290 1449 1354 abstinendum

191 1403 286 1469 esset,
310 1396 364 1474 qui
386 1396 501 1477 impuri
524 1397 586 1458 sint
608 1395 822 1476 intellegendi,
845 1394 1008 1458 definitur:
1058 1394 1223 1476 »Impuros
1245 1404 1353 1459 autem
1376 1398 1450 1460 dico

190 1509 224 1561 et
246 1501 300 1580 qui
322 1501 506 1564 eruditionis
529 1501 660 1564 omnino
683 1508 757 1562 sunt
779 1507 931 1581 expertes
959 1508 992 1562 et
1021 1500 1075 1580 qui
1097 1501 1299 1564 simulatione
1328 1505 1449 1583 sapien-

190 1606 253 1668 tiae
274 1605 413 1668 sormam
435 1607 504 1668 eius
525 1613 762 1686 corrumpunt«
810 1603 962 1684 Sequitur
982 1625 1114 1686 prorsus
1136 1606 1272 1687 abrupte
1295 1609 1450 1670 orationis

189 1708 292 1772 forma
329 1731 412 1790 quae
448 1712 563 1774 dicitur
600 1719 687 1773 recta
724 1710 951 1772 nonnullorum
988 1730 1071 1790 quae
1111 1710 1198 1791 apud
1235 1711 1450 1794 philosophos

188 1813 342 1895 (Stoicos)
368 1816 568 1879 iactabantur
589 1816 830 1897 paradoxorum
853 1815 962 1889 irrisi0,
987 1835 1068 1896 quae
1085 1824 1134 1877 est
1150 1837 1169 1878 a
1183 1817 1288 1879 verbis
1310 1826 1375 1890 πῶς
1392 1818 1451 1900 γὰρ

189 1921 242 1981 οὐκ
264 1919 387 1981 ἕκτόπια
408 1922 458 1982 καὶ
481 1922 630 1999 θαύματα
660 1919 753 1992 ὄντας
780 1938 881 1998 usque
911 1919 952 1980 ad
980 1920 1079 1982 verba
1101 1928 1163 1992 τοῖς
1185 1919 1218 1981 δὲ
1240 1921 1271 1982 ἐκ
1300 1924 1450 2006 τριγονίας

187 2027 387 2106 στιγματίαις,
418 2025 581 2108 πεδ’ότριψι
606 2026 655 2086 καὶ
678 2023 876 2103 παλιμβόλοις
898 2024 1073 2106 ἐλευθερίαν
1082 2027 1106 2104 1)
1136 2035 1233 2108 atque
1262 2031 1452 2092 terminatur

93 2111 95 2116 ,
190 2131 296 2193 verbis
318 2128 380 2191 ἔστι
403 2129 437 2191 δι’
458 2132 496 2191 τὰ
518 2141 655 2207 τοιαῦτα,
679 2131 720 2202 ὡς
741 2128 825 2212 ἔφην,
848 2129 1000 2212 πρόφασις
1021 2129 1195 2212 ἀνθρώπων
1217 2156 1243 2201 κ,
1259 2157 1287 2195 τ.
1304 2138 1342 2211 λ,
1366 2154 1450 2214 quae

191 2244 339 2315 spectant
361 2238 402 2298 ad
429 2257 477 2313 ea,
502 2257 585 2318 quae
606 2255 703 2316 supra
725 2236 765 2296 de
792 2234 882 2315 volgi
904 2235 1037 2298 stultitia
1059 2239 1210 2318 exposita
1231 2248 1314 2306 sunt.
1357 2239 1450 2303 Haec

189 2349 297 2403 autem
317 2342 417 2427 irrisio
440 2343 515 2403 mihi
538 2342 632 2404 valde
651 2348 802 2421 suspecta
819 2349 877 2415 est,
894 2341 1044 2421 primum,
1061 2344 1149 2422 quod
1166 2364 1297 2424 prorsus
1312 2344 1451 2426 abrupte

187 2445 296 2527 incipit
318 2467 423 2527 neque
445 2447 512 2509 ullo
536 2448 637 2510 verbo
671 2444 842 2507 multitudo
872 2446 1037 2520 inducitur,
1068 2448 1157 2510 cuius
1187 2449 1249 2511 hoc
1279 2451 1319 2512 de
1348 2449 1450 2531 philo·

189 2548 301 2631 sophis
321 2551 474 2614 iudicium
497 2554 634 2633 scriptor
656 2571 727 2613 esse
751 2549 828 2612 vult.
873 2550 999 2614 Deinde
1028 2572 1106 2613 vero
1136 2553 1167 2614 in
1195 2554 1271 2635 ipsis
1300 2555 1449 2617 invectio·

188 2656 280 2718 uibus
303 2656 432 2732 offendi,
456 2677 593 2736 quarum
617 2665 726 2720 tantus
747 2639 798 2718 est
827 2656 923 2717 ardor
951 2665 984 2719 et
1010 2657 1148 2737 spiritus,
1178 2667 1269 2721 tanta
1296 2661 1448 2739 gravitas,

186 2768 254 2822 tam
277 2762 394 2826 acerbo
417 2762 567 2824 simulet
590 2762 713 2826 urbano
742 2759 809 2822 sale
838 2762 986 2823 conditae
1016 2771 1099 2837 sunt,
1129 2773 1163 2825 ut
1192 2765 1248 2825 vix
1277 2766 1449 2828 credideris

186 2865 267 2928 haec
289 2887 329 2928 eo
352 2867 484 2930 consilio
507 2868 690 2947 composita
723 2885 810 2940 esse,
840 2874 875 2926 ut
907 2867 1080 2947 despectae
1109 2869 1301 2931 multitudini
1330 2871 1449 2934 tribue·

188 2978 311 3046 rentur,
350 2972 408 3033 sed
447 2980 482 3034 ut
520 2971 627 3053 potius
665 2992 707 3033 ex
742 2969 880 3032 hominis
917 2972 1045 3053 ingenio
1081 2972 1227 3053 prosecta
1262 2995 1332 3037 esse
1366 2976 1450 3039 vide-

188 3081 290 3146 antur,
314 3075 368 3154 qui
391 3077 461 3157 ipse
483 3076 752 3157 philosophorum
774 3095 874 3137 vanas
905 3077 1093 3140 iactationes
1123 3099 1251 3142 summo
1282 3081 1340 3143 sibi
1371 3082 1448 3143 odio

187 3175 338 3241 habebat.
384 3177 459 3260 Quo
482 3183 624 3255 tendam,
649 3190 793 3262 apparet.
838 3180 921 3242 Rem
942 3191 1051 3244 autem
1073 3183 1242 3246 conficient
1264 3185 1362 3246 verba
1385 3193 1450 3257 πῶς

186 3280 219 3343 δὲ
241 3285 275 3343 οὐ
297 3281 450 3367 παράλογα
479 3288 529 3347 καὶ
557 3285 692 3367 γέμοντα
722 3289 833 3364 πολλῆς
862 3287 1074 3366 ἀναισχυντίας
1102 3286 1121 3366 ἢ
1149 3289 1260 3367 μανίας
1290 3287 1371 3368 ἢ-
1394 3292 1449 3350 οὐκ

103 3437 106 3441 .
187 3384 245 3465 iim)
268 3389 296 3447 τὶ
313 3389 387 3470 λέγω
410 3392 474 3472 (διὰ
495 3393 552 3471 γὰρ
575 3391 745 3471 ὑπερβολὴν
767 3389 830 3451 οὐδ’
853 3392 968 3452 οἷκιιίον
982 3392 1138 3471 ὀνομάτων
1154 3397 1315 3477 εὐπορῆσαι
1332 3387 1448 3482 ῥᾴδιον)

553 3495 567 3507 h

186 3494 344 3565 πλονσιόος
372 3494 428 3572 μὲν
456 3492 609 3574 ὀνομάςειν
631 3519 657 3560 κ.
680 3498 756 3559 et.
801 3495 892 3557 Haec
911 3498 994 3558 enim
1017 3498 1116 3560 verba
1144 3519 1183 3561 ea
1205 3509 1287 3575 sunt,
1318 3508 1353 3562 ut
1382 3520 1447 3563 non

187 3597 246 3659 nisi
268 3600 360 3662 unius
389 3603 532 3682 certique
552 3600 699 3675 hominis,
731 3601 786 3681 qui
812 3601 881 3682 ipse
910 3622 971 3683 pro
999 3623 1056 3665 sua
1085 3612 1177 3684 parte
1198 3603 1348 3684 loquitur,
1373 3625 1446 3668 esse

186 3704 320 3782 possint.
373 3706 476 3786 Atqui
507 3706 557 3768 hic
583 3705 726 3786 pluribus
756 3706 937 3769 tribuuntur
965 3707 1016 3770 vel
1046 3709 1152 3788 potius
1182 3709 1242 3771 toti
1276 3709 1446 3772 hominurn

186 3809 308 3888 generi,
340 3811 424 3872 unde
454 3812 606 3892 sequitur,
636 3820 680 3872 ut'
700 3819 788 3872 totus
817 3812 877 3875 iste
907 3810 1007 3890 locuS,
1037 3813 1126 3875 cuius
1160 3834 1242 3889 unus
1268 3823 1318 3875 est
1348 3834 1446 3876 sonus

184 3911 335 3993 idemque
364 3914 455 3978 color
484 3917 524 3977 ad
553 3915 688 3977 verbum
718 3915 822 3977 alieno
851 3936 869 3977 e
896 3915 977 3978 libro
1015 3917 1190 3980 inculcatus
1228 3918 1278 3984 sit.
1309 3956 1350 3964 -
1381 3917 1445 4000 Qui

273 4052 295 4118 1)
321 4059 379 4114 τοῖς
401 4052 434 4104 d‘
462 4055 491 4106 lx
508 4059 661 4126 τριγενείας
678 4058 865 4126 στιγματίαις,
885 4051 1055 4126 παιδότριψι
1074 4058 1121 4107 καὶ
1140 4056 1358 4116 παλαιοδσύλοις
1375 4059 1444 4108 libri:

187 4158 251 4191 corr.
273 4143 497 4193 Wilamowitzirts:
517 4145 685 4192 »vocabulum
703 4148 832 4212 τριγόνιά
851 4144 942 4193 Pollux
962 4146 1028 4193 VIII
1046 4142 1077 4208 85
1097 4142 1140 4208 (ex
1152 4146 1287 4196 Aristotele
1309 4147 1348 4196 vel
1360 4148 1446 4212 potius

187 4227 244 4291 lege
262 4229 367 4295 Attica).
385 4224 527 4302 πεδότριψ
547 4231 622 4280 Phot.
643 4249 662 4281 s.
682 4250 707 4281 v.
727 4233 900 4299 παλίμβολος
917 4233 977 4282 item
994 4233 1069 4282 Phot.
1092 4232 1122 4283 ci.
1141 4233 1247 4283 Sueton.
1268 4235 1300 4284 de
1319 4235 1446 4285 conviciis.

185 4333 212 4379 p.
236 4327 282 4380 145
301 4318 372 4367 Fres.
393 4317 599 4378 παλαιόδουλσς
628 4320 750 4385 reperitur
773 4319 838 4369 inira
861 4337 887 4385 p.
906 4320 965 4382 468,
991 4322 1036 4370 sed
1060 4331 1118 4385 post
1142 4321 1171 4372 ίιι
1193 4327 1337 4390 τριγονίας
1361 4323 1446 4388 inepte

187 4413 349 4468 poneretur.«
868 4411 870 4415 '
