3276 5040
729 348 941 429 ..33-

210 520 236 581 εῗ
256 527 327 601 γοῦν
340 519 506 599 βουληθείη
520 518 694 579 διακόπτειν
710 515 780 579 είσιο
796 540 841 590 τις
856 527 917 578 τῶν
931 509 1125 599 πραγμάτων,
1143 515 1261 596 εὐρήσει
1276 551 1326 578 -.
1347 516 1376 578 ΙΙ
1391 532 1467 594 412.

208 646 248 671 -=—
275 623 491 686 »Libertatem
513 632 631 698 autem,
659 643 772 685 verum
801 623 828 685 si
858 622 928 704 quis
959 620 1092 701 quaerit,
1124 620 1199 683 nihil
1221 620 1307 683 aliud
1329 641 1401 684 esse
1422 621 1466 684 in·

207 730 314 792 veniet
343 729 401 791 nisi
430 737 627 810 potestatem
656 728 765 791 omnia
794 747 853 809 per
881 747 917 789 se
947 727 1063 807 agendi
1093 725 1152 806 (ὅτι
1180 723 1266 787 οὐδὲν
1291 727 1364 786 ἄλλο
1385 715 1468 810 tun

206 833 340 916 συγγενὲς
362 833 456 906 αὐτοις
479 834 520 905 ὡς
541 833 729 916 αὐτοπραγιά
751 832 956 918 ε’λευθερίη).<<
998 829 1183 893 Stoicorum
1205 830 1288 893 hanc
1310 831 1469 895 libertatis

207 939 426 1003 definitionem
456 958 527 1001 esse
556 947 656 1001 testes
686 947 761 1000 sunt
789 938 886 1018 Diog.
915 952 989 998 121:
1028 929 1103 996 εἶναι
1131 937 1189 1017 γὰρ
1214 937 1270 1016 τὴν
1291 933 1470 1019 ἐλευθερίαν

94 1067 97 1071 ·
167 1066 172 1073 ·
207 1043 340 1119 ἐξουσίαν
362 1043 573 1126 αὐτοπραγίας,
596 1044 652 1124 τὴν
673 1041 706 1104 δὲ
728 1041 865 1122 δουλειάν
884 1041 1023 1123 στέρησιν
1049 1042 1261 1123 αὐτοπραγίας.
1305 1041 1465 1105 Plutarch.

207 1150 306 1215 Stoic.
328 1170 439 1231 repug.
463 1170 490 1212 c.
515 1165 556 1211 20
580 1148 689 1230 (verba
713 1146 915 1230 Chrysippi):
947 1157 1000 1226 τής
1018 1169 1050 1206 τε
1074 1147 1281 1230 αὐτοπραγίας
1302 1147 1352 1208 καί
1374 1148 1466 1229 όλιγο·

208 1255 419 1338 πραγμοσύνης
441 1255 567 1316 ἀστείων
589 1253 692 1315 όντων.
720 1290 754 1300 -
779 1252 870 1315 Philo
896 1273 935 1314 ea
957 1253 1056 1314 utitur
1084 1253 1126 1314 de
1144 1252 1276 1334 Joseph.
1299 1252 1330 1314 II
1355 1267 1409 1332 51:
1442 1252 1470 1312 ελ

206 1359 241 1421 δὲ
269 1351 367 1447 ᾔδεις,
402 1359 448 1421 ὅτι
478 1359 666 1442 αὐτοπραγία
694 1356 751 1436 μὲν
778 1356 929 1440 ἔλευδίρφ
958 1357 1079 1438 (οἰκεῖον
1112 1357 1297 1420 addendum
1330 1358 1466 1429 videtur,

207 1467 305 1547 quod,
328 1486 402 1528 curn
424 1475 578 1548 sequatur
599 1461 707 1546 οἰκέτῃ,
731 1462 822 1525 facile
840 1462 1026 1524 intercidere
1043 1467 1193 1545 poterat),
1216 1461 1316 1546 οἰκέτῃ
1329 1460 1362 1522 δὲ
1377 1462 1470 1524 ἀλλό-

206 1592 299 1654 τριον.
337 1571 444 1650 »Ergo
467 1570 498 1632 in
521 1568 613 1631 malis
636 1588 675 1630 ea
697 1588 762 1630 non
783 1575 893 1648 potest
914 1587 994 1642 esse,
1019 1567 1141 1649 quippe
1156 1568 1271 1648 quibus
1286 1568 1388 1631 multa
1403 1568 1469 1633 sint

206 1675 447 1757 impedimento,
477 1673 668 1757 φιλαργυρία,
699 1673 861 1755 φιλοδοξία,
885 1673 1069 1754 φιληδονίαι
1120 1672 1211 1736 Haec
1238 1674 1388 1736 vitiorum
1417 1675 1468 1736 tri-

208 1780 340 1862 partitio
363 1778 490 1860 saepius
511 1779 544 1840 in
565 1780 628 1841 hoc
651 1778 732 1840 libro
755 1778 926 1839 invenitur:
957 1799 988 1858 p.
1014 1793 1092 1856 450:
1126 1780 1256 1861 ἄκρατος
1276 1779 1334 1861 γὰρ
1356 1781 1468 1851 αὐτοὺς

208 1887 328 1967 (reges)
351 1885 414 1966 ὐίγει
437 1884 487 1944 καί
511 1884 659 1966 εὐμορφία
681 1906 709 1944 κ.
725 1904 752 1946 τ.
769 1886 806 1959 λ.,
827 1882 879 1943 ἵνα
899 1883 954 1954 τὰς
976 1883 1107 1966 ὐργόρου
1129 1884 1179 1943 καί
1198 1893 1314 1967 χρυσοῦ
1335 1885 1385 1944 καὶ
1407 1893 1471 1946 τῶν

209 1989 394 2072 σεμνοτέρων
404 1990 430 2073 ¹)
453 1989 619 2071 ἐπιθυμίας
640 1989 825 2071 παραλείπω.
866 2008 897 2068 p.
921 1988 999 2066 456:
1030 1988 1092 2048 Διὰ
1121 1998 1211 2050 τοῦτο
1240 1988 1388 2051 πλουσίων
1413 1989 1473 2068 μὲν

207 2095 257 2156 καὶ
279 2092 405 2166 ἐνδόξων
426 2095 476 2155 καὶ
498 2102 565 2166 ταῖς
586 2094 709 2172 ἡδοναῖς
727 2092 891 2175 χριομίνιον
912 2093 1007 2172 μεστή
1038 2102 1075 2174 γῆ
1098 2118 1124 2158 κ.
1141 2116 1168 2156 τ.
1185 2098 1211 2159 λ.
1237 2134 1276 2141 -
1299 2095 1470 2160 Praeterea

210 2199 287 2263 mihi
310 2200 447 2262 occurrit
467 2201 555 2280 apud
576 2199 772 2279 Epictetum,
796 2198 854 2279 srg.
879 2198 957 2260 XIII
978 2197 1164 2279 Schweigh:
1204 2199 1299 2271 οὐδεὶς
1326 2201 1471 2283 φιλοχρή-

209 2328 305 2384 ματος
327 2305 377 2365 καὶ
401 2305 560 2387 φιλήδονος
581 2303 631 2363 καὶ
655 2302 817 2385 φιλόδοξος,
841 2305 891 2364 καὶ
914 2303 1142 2386 φιλάνθρωπος,
1160 2305 1236 2364 ἀλλὰ
1248 2303 1339 2382 μόνος
1354 2304 1369 2364 ὁ
1383 2305 1468 2386 φιλό-

212 2415 309 2482 καλος.
339 2410 426 2491 apud
448 2409 529 2472 Plut.
546 2407 645 2471 StoiC.
663 2409 745 2498 Rep.
763 2424 820 2487 33:
843 2409 938 2481 οὐδεὶς
951 2410 1008 2490 γὰρ
1024 2409 1132 2491 φύετιιι
1150 2407 1325 2491 ἀνθρώποις
1340 2409 1471 2489 πόλεμος

210 2517 281 2576 ἄνευ
301 2515 422 2586 κακίας·
446 2514 522 2574 ἀλλὰ
544 2514 596 2574 τόν
616 2512 672 2592 μὲν
696 2513 862 2595 φιληδονία,
886 2515 938 2574 τὸν
960 2512 993 2574 δὲ
1015 2514 1175 2588 πλεονεξία,
1192 2514 1245 2574 τδν
1260 2512 1292 2574 δὲ
1314 2515 1470 2596 φιλοδοξία

210 2645 256 2694 τις
277 2619 296 2701 ἢ
319 2619 464 2703 φιλαρχία
486 2618 693 2701 συρρήγνυσιν,
728 2639 801 2681 curn
829 2618 898 2681 aliis
926 2620 1009 2681 viiiis
1039 2627 1266 2681 enumerantur
1293 2619 1335 2682 ib.
1359 2640 1385 2682 e.
1411 2637 1467 2698 34:

210 2729 300 2807 δῆλον
320 2724 376 2804 μὲν
397 2724 443 2786 ὅτι
458 2721 571 2802 σχίσεις
593 2721 624 2783 αἱ
642 2725 743 2784 κακίαι
758 2724 807 2784 καί
823 2724 861 2784 τὰ
883 2723 1048 2803 νοσήματα,
1065 2724 1267 2806 φιλαργυρίαι,
1288 2724 1469 2810 φιληδονίαι,

210 2831 385 2914 φιλοδοξίαι,
394 2829 510 2906 δειλίαι,
524 2829 636 2889 ἀδικίαι
647 2852 653 2865 ·
666 2830 794 2907 κινήσεις
805 2826 837 2889 δὲ
848 2836 979 2907 μοιχεῖαι
991 2852 1017 2890 κ.
1028 2852 1054 2891 τ.
1062 2833 1087 2890 λ.
1102 2831 1216 2890 τούτιον
1229 2828 1321 2890 οἴεται
1333 2831 1470 2912 Χρύσιπ-

210 2960 264 3007 πος
279 2936 346 3020 οὐτε
366 2935 475 3017 μικρὸν
497 2935 564 2994 οὐτε
586 2931 663 3015 μίγα
685 2935 768 3015 παρὰ
789 2933 842 2993 τδν
863 2942 916 2993 τοῦ
938 2933 1013 3004 Διὸς
1034 2932 1121 3015 λόγον
1144 2929 1228 3010 εἶναι,
1253 2955 1296 2996 ex
1312 2955 1377 3015 quo
1393 2935 1468 2998 Ioco

209 3043 365 3116 videmus,
397 3041 483 3122 apud
508 3037 636 3102 Stoicos
665 3039 726 3101 ista
756 3039 886 3100 nomina
915 3039 946 3100 in
975 3059 1033 3101 usu
1057 3039 1162 3113 fuisse,
1193 3040 1281 3102 cuius
1304 3041 1348 3102 rei
1370 3041 1470 3103 etiam

211 3145 372 3210 Stobaeus
402 3146 492 3208 testis
520 3154 569 3207 est
595 3144 702 3224 eclog„
722 3143 813 3225 phys.
837 3152 870 3205 et
899 3143 963 3205 eth.
989 3143 1227 3225 (Wachsmuth)
1249 3145 1279 3206 ΙΙ
1305 3161 1380 3225 174:
1410 3146 1470 3206 ὐπδ

210 3289 251 3298 -
280 3253 335 3332 τήν
364 3251 531 3328 ἐπιθυμίαν
558 3249 704 3330 ὐποίγεται
734 3250 773 3309 τὰ
798 3257 940 3309 τοιαῦτα·
971 3250 1043 3330 όργή
1075 3249 1124 3309 καὶ
1154 3249 1193 3309 τὰ
1223 3249 1286 3330 είδη
1309 3252 1471 3329 αὐτῆς-

212 3354 319 3439 ἔρωτες
348 3355 473 3438 σφοδροὶ
503 3354 553 3414 καὶ
582 3353 677 3414 πόδοι
707 3355 757 3414 καὶ
783 3354 883 3436 ἵμεροι
913 3355 963 3414 καὶ
990 3354 1159 3437 φιληδονίαι
1187 3355 1237 3414 καὶ
1261 3356 1470 3438 φιλοπλουτίαι

131 3451 134 3455 ’
210 3463 260 3522 καὶ
284 3461 448 3543 φιλοδοξίαι
471 3460 520 3520 καὶ
543 3459 581 3519 τδι
604 3458 693 3536 ὅμοια
715 3467 881 3538 praeterea
902 3459 998 3540 Diog.
1027 3474 1100 3538 115:
1140 3460 1181 3531 ὡς
1210 3457 1242 3519 δὲ
1264 3459 1382 3542 λίγεταί
1401 3483 1470 3521 τινα

211 3564 257 3628 ἐπὶ
280 3575 334 3627 τοῦ
356 3563 744 3647 σώματοςύρρωστήματα
767 3601 807 3608 --
831 3563 910 3624 οὗτοι
932 3561 1004 3650 κᾴπλ
1027 3575 1081 3645 τῆς
1109 3575 1213 3644 ψυχῆς
1244 3566 1397 3648 φιλοδοξία
1419 3565 1471 3625 καὶ

211 3671 368 3754 φιληδονία
400 3670 450 3730 καὶ
480 3670 519 3730 τὰ
541 3668 738 3751 παραπλήσια
748 3669 787 3751 2).
818 3705 857 3714 -
892 3670 1036 3731 »Bonum
1059 3673 1162 3734 virum
1186 3681 1294 3733 autem
1323 3668 1397 3733 nihil
1421 3679 1472 3733 est

296 3897 318 3965 1)
337 3900 364 3948 id
382 3907 420 3949 est
437 3898 534 3964 gloriae
553 3905 599 3948 etc.
619 3896 732 3947 similiter
751 3897 839 3947 Cicero
864 3899 953 3962 parad.
973 3900 1005 3951 V.
1024 3913 1054 3962 3:
1082 3900 1168 3963 Quid?
1193 3900 1243 3950 iam
1267 3900 1311 3948 illa
1334 3899 1469 3965 cupiditas,

210 4004 275 4053 quae
292 3988 393 4037 videtur
410 4003 464 4038 esse
482 3985 615 4045 liberalior,
634 3985 749 4045 honoris,
769 3985 875 4050 imperii,
899 3987 1094 4051 provinciarum,
1118 4003 1193 4052 quam
1212 3989 1275 4037 dura
1293 3997 1330 4038 est
1348 3988 1469 4038 dominat

296 4073 320 4141 ²)
339 4077 414 4127 Plato
432 4075 532 4142 parcius
550 4067 657 4141 ἀλόγου
675 4073 754 4137 partis
772 4072 849 4122 animi
868 4075 919 4123 duo
938 4075 1011 4139 ponit
1028 4092 1121 4140 genera
1141 4076 1184 4139 (R.
1198 4077 1227 4126 P.
1248 4076 1299 4141 580
1316 4076 1347 4126 E.
1368 4076 1415 4141 581
1437 4078 1471 4128 A.

210 4165 304 4230 seqq),
332 4181 413 4229 genus
438 4158 651 4235 φιλοχρήματον
675 4163 722 4212 καὶ
749 4161 914 4229 φιλοκερδές
937 4169 962 4212 et
985 4179 1066 4227 genus
1085 4161 1233 4234 φιλόνικον
1252 4165 1300 4216 καὶ
1318 4160 1471 4234 φιλότιμον

211 4249 255 4317 (cs.
274 4251 346 4317 347),
367 4253 488 4317 pecuniae
507 4252 574 4301 enim
592 4258 617 4300 et
634 4250 773 4316 voluptatis
791 4251 939 4315 cupiditates
958 4252 1068 4315 separari
1085 4268 1137 4300 non
1156 4269 1231 4317 posse
1242 4261 1336 4315 censet,
1350 4253 1471 4317 quoniam

212 4341 328 4391 homines
347 4341 479 4406 pecuniam
498 4348 620 4405 quaerant
638 4354 691 4387 non
710 4339 758 4388 nisi
776 4338 935 4402 voluptatum
954 4339 1173 4404 adipiscendarum
1191 4355 1274 4391 causa.
