3276 5040
630 360 839 431 ss45-

105 537 196 580 cesse
218 516 259 580 sit
268 518 302 597 ¹),
326 516 380 596 qui
402 515 530 596 sapiens
551 515 600 589 sit,
625 518 763 582 eundem
786 537 856 580 esse
879 517 1043 579 liberum«
1068 552 1112 562 -
1141 516 1187 577 ότι
1210 508 1365 598 αὐτάρκης

103 624 123 702 ἡ
154 623 245 704 ἀρετὴ
275 622 349 705 πρὸς
378 620 570 700 εὐδαιμονίαν
599 617 678 700 (Cic.
703 641 771 703 par.
794 622 837 702 V)
870 641 969 684 unum
1003 642 1074 684 esse
1108 643 1151 684 ex
1180 620 1363 685 Stoicorum

105 727 281 809 paradoxis
304 746 400 789 nemo
423 726 532 788 nescit.
556 761 597 774 -·-
620 725 772 807 Sequitur
792 735 1020 809 argumentum
1042 748 1085 791 ex
1099 726 1246 802 amicitia,
1265 745 1363 806 quam

108 833 235 915 sapiens
257 852 331 898 cum
353 831 422 895 deis
443 830 550 905 habet,
574 832 715 906 ductum,
741 834 829 914 quod
851 853 883 914 p.
901 848 938 894 21
965 832 1191 895 enarravimus.
1236 829 1364 895 Similli·

106 958 195 1000 mum
217 946 327 1000 autem
348 946 406 1011 est,
430 956 504 998 cum
527 957 571 998 ex
590 938 705 1000 eadem
729 938 881 1019 sapientis
903 959 977 1002 curn
1005 938 1073 1000 deis
1102 937 1240 1001 amicitia
1269 934 1362 1017 profi·

105 1043 250 1117 ciscatur,
274 1050 508 1123 argumentum,
532 1061 598 1122 quo
620 1043 707 1123 apud
722 1043 904 1125 Diogenem
920 1043 969 1106 VI
983 1059 1024 1125 72
1039 1044 1205 1121 Diogenes
1223 1040 1364 1121 Cynicus

106 1149 309 1211 demonstrat
337 1167 450 1209 omnes
480 1166 531 1209 res
560 1166 630 1208 esse
660 1147 827 1227 sapientis:
857 1143 968 1209 Πάντα
989 1158 1051 1210 τῶν
1073 1153 1157 1211 θεῶν
1179 1149 1257 1210 ἐστι·
1282 1147 1362 1228 φιλοι

105 1250 137 1314 δὲ
160 1260 222 1324 τοῖς
244 1260 351 1338 σοφοῖς
373 1250 400 1313 oi
422 1252 507 1313 θεοί·
531 1252 614 1312 κοινὰ
637 1250 669 1312 de*
691 1253 730 1313 τὰ
751 1261 812 1313 τῶν
835 1253 947 1335 φίλων·
972 1248 1069 1316 πάντα
1091 1256 1151 1336 ἄρα
1168 1262 1229 1313 τῶν
1249 1259 1361 1333 σοφῶν.

109 1359 309 1432 »Praeterea,
340 1368 375 1420 ut
397 1378 439 1419 ex
470 1357 600 1419 urbibus
626 1378 700 1433 eae,
732 1378 815 1440 quae
844 1379 865 1421 a
892 1361 1003 1439 paucis
1030 1360 1082 1422 vel
1109 1380 1128 1421 a
1151 1358 1294 1438 tyrannis
1317 1376 1361 1417 re·

104 1474 235 1545 guntur,
252 1465 283 1525 in
300 1463 453 1526 servitute
469 1471 551 1537 sunt,
569 1484 652 1544 quae
669 1472 777 1526 autem
794 1463 884 1544 leges
899 1464 958 1526 sibi
973 1465 1214 1535 constituerunt,
1232 1462 1360 1535 liberae,

105 1569 150 1631 sic
172 1569 338 1631 hominum
361 1568 391 1641 ii,
414 1569 468 1646 qui
490 1568 717 1649 cupiditatibus
738 1578 901 1650 reguntur,
925 1570 1008 1632 servi
1022 1578 1106 1642 sunt,
1126 1569 1180 1648 qui
1196 1569 1238 1630 ad
1253 1566 1361 1647 legem

106 1674 225 1748 vivunt,
257 1673 355 1735 liberi.
401 1673 489 1734 Vera
519 1683 628 1736 autem
654 1675 709 1737 lex
739 1683 788 1736 est
817 1684 903 1738 recta
932 1677 1022 1747 ratio,
1039 1695 1137 1754 ¹quae
1160 1694 1234 1735 cum
1257 1673 1363 1734 divina

105 1778 145 1839 sit
166 1785 199 1839 et
214 1776 413 1852 immortalis,
438 1780 581 1842 miranda
596 1788 646 1841 est
661 1780 793 1842 stultitia
809 1801 932 1855 eorum,
955 1781 1010 1859 qui
1025 1779 1155 1843 Solonis
1171 1788 1204 1841 et
1218 1777 1362 1858 Lycurgi

104 1882 194 1960 leges
224 1882 301 1944 satis
328 1882 425 1946 fuisse
453 1884 560 1945 dicant
590 1885 630 1946 ad
660 1886 851 1948 servandam
873 1885 1119 1948 Atheniensium
1147 1895 1180 1946 et
1202 1883 1361 1945 Lacedae·

104 1988 286 2056 moniorum
313 1986 503 2063 libertatem,
535 1989 656 2064 rationi,
686 1991 740 2069 qui
768 1991 859 2070 quasi
889 1989 960 2053 sons
988 1999 1038 2052 est
1067 1991 1212 2053 omnium
1242 1988 1361 2070 legum,

104 2092 187 2157 hanc
215 2093 280 2154 vim
311 2112 375 2154 non
397 2093 546 2169 tribuant,
578 2106 613 2157 ut
635 2095 753 2158 liberos
776 2096 889 2158 reddat
911 2117 977 2171 eos,
1001 2097 1054 2176 qui
1076 2096 1104 2158 ei
1127 2104 1270 2176 pareant,
1294 2093 1362 2156 sive

103 2196 191 2261 iubet
214 2197 333 2278 aliquid
357 2197 423 2259 sive
446 2208 562 2262 vetat«
610 2198 708 2279 Quod
730 2200 820 2280 νόμος
842 2202 937 2283 ὀρθὸς
958 2200 1046 2285 λόγος
1067 2220 1138 2264 esse
1160 2201 1282 2270 dicitur,
1307 2199 1362 2280 qui

102 2311 158 2366 aut
186 2294 365 2384 προστάττει
398 2314 454 2365 aut
485 2306 672 2388 ἀπαγορεύει,
703 2305 887 2369 Stoicorum
920 2307 1003 2368 hanc
1037 2304 1256 2368 definitionem
1290 2324 1360 2366 esse

102 2416 203 2471 testes
233 2416 306 2470 Sunt
329 2406 419 2470 Stob.
443 2409 502 2475 ecl.
525 2410 555 2471 II
581 2410 712 2490 I9Il92:
744 2411 796 2473 τόν
818 2435 849 2473 τε
881 2411 972 2490 νόμον
994 2411 1156 2473 σπουδαῖον
1178 2405 1256 2471 εἶναί
1271 2398 1360 2492 φασι,

103 2512 189 2594 λόγον
215 2514 312 2595 ὀρθὸν
337 2511 420 2589 ὄντα,
447 2517 665 2599 προστακτικὸν
691 2514 747 2596 μὲν
775 2509 817 2577 ὧν
839 2515 984 2597 ποιητέον,
1008 2516 1243 2598 ἀπαγορευτικὸν
1265 2513 1298 2576 δὲ
1319 2507 1361 2576 ὧν

103 2621 138 2679 οό
163 2618 309 2698 ποιητέον.
361 2618 462 2685 Cicer.
485 2620 525 2682 N.
549 2621 589 2683 D.
620 2622 650 2684 ΙΙ
679 2638 737 2704 79:
779 2623 843 2699 lex,
874 2643 957 2704 quae
987 2631 1037 2685 est
1064 2622 1142 2704 recti
1172 2619 1360 2704 praeceptio

101 2726 257 2806 pravique
280 2723 437 2804 depulsio
461 2724 500 2788 ci.
525 2726 605 2788 Plut.
630 2727 676 2792 St.
698 2729 780 2808 Rep.
804 2749 830 2790 c.
857 2745 903 2790 11.
939 2727 1039 2802 Philo,
1063 2729 1103 2791 de
1127 2727 1218 2808 migr.
1235 2723 1358 2788 Abrah.

103 2828 216 2908 1456:
240 2827 331 2910 νόμος
352 2826 467 2891 δὀόόὲν
489 2831 549 2913 ἄρα
571 2829 590 2911 ἢ
612 2831 697 2914 λόγος
718 2837 814 2909 θεῖος,
837 2832 1075 2916 προστάττωνᾶ
1103 2833 1153 2894 dei
1170 2832 1220 2894 καὶ
1250 2834 1362 2912 ἀπαγο-

102 2935 198 3016 ριόιον
220 2934 240 2994 ἃ
261 2935 304 3014 μὴ
316 2935 387 3016 χρή.
411 2934 450 3004 cf.
473 2937 515 2999 de
536 2957 658 3018 praem.
682 2948 714 3001 et
736 2959 831 3020 poen.
853 2939 893 3001 II.
915 2956 989 3020 417.

193 3039 392 3105 »Maximum
413 3052 522 3105 autem
540 3052 766 3124 argumentum
786 3046 911 3108 ducitur
927 3065 968 3107 ex
985 3063 1089 3124 aequa
1104 3043 1256 3123 loquendi
1271 3042 1361 3105 liber·

101 3154 177 3221 tate,
210 3166 274 3226 qua
303 3166 416 3209 omnes
441 3147 518 3210 boni
545 3148 626 3212 inter
648 3170 682 3214 se
707 3158 866 3212 utuntur.<‹
912 3147 1112 3211 Adferuntur
1144 3150 1209 3211 duo
1239 3166 1358 3219 versus

102 3271 186 3334 quos
207 3251 294 3331 apud
318 3251 397 3315 alios
419 3273 454 3316 se
474 3253 632 3316 invenisse
654 3254 847 3336 compilator
869 3255 937 3336 ipse
960 3255 1077 3317 indicat
1085 3254 1120 3333 ⁹),
1144 3272 1219 3315 curn
1241 3252 1361 3314 diceret

103 3353 274 3438 φιλοσόφως
289 3353 385 3418 ἐκεῖνό
400 3380 492 3440 φασιν
506 3359 660 3442 εἰρῆσθαι.
699 3359 762 3423 »Ut
783 3361 879 3441 igitur
900 3359 950 3422 sui
973 3378 1121 3439 quaeque
1143 3379 1195 3421 ars
1210 3357 1361 3421 studiosis

100 3460 199 3526 libere
226 3462 267 3525 de
295 3482 330 3524 se
357 3462 561 3544 colloquendi
590 3463 776 3529 facultatem
797 3465 952 3547 tribuit3),
975 3467 1113 3528 eandem
1136 3466 1202 3527 vita
1224 3463 1280 3527 dat
1303 3463 1357 3536 εἰς,

104 3566 159 3645 qui
183 3585 289 3630 rerum
311 3569 353 3630 ad
375 3589 448 3633 eam
470 3570 696 3650 pertinentium
719 3581 793 3633 sunt
814 3571 916 3651 periti.
960 3569 1064 3652 Atqui
1095 3571 1127 3633 in
1149 3569 1259 3651 probis
1280 3568 1361 3630 haec

187 3805 208 3870 ¹)
226 3803 306 3873 (ὥστε
324 3810 384 3861 add.
398 3810 551 3877 Wilamow.)
568 3807 770 3883 ἀναμφιβόλως
787 3815 835 3864 καὶ
853 3812 881 3870 ἐξ
891 3807 1040 3878 ἀνάγκηςὸ
1056 3825 1104 3864 nn.
1118 3804 1264 3882 ἐλεύθερός
1277 3809 1360 3861 ἔστιν.

187 3893 210 3960 ²)
229 3898 291 3947 alter
308 3898 383 3947 etiam
401 3899 427 3948 in
445 3901 481 3950 M.
500 3901 625 3950 Antonini
643 3910 779 3951 comment.
798 3902 843 3952 lib.
862 3903 900 3950 XI
919 3901 1053 3951 invenitur.

187 3981 208 4049 ⁸)
224 3979 366 4057 Καθάπερ
389 3981 440 4038 οὖν
464 3984 479 4040 ὁ
503 3986 639 4060 μουσικὸς
663 3983 745 4056 λόγος
774 3983 864 4042 ἅπασι
887 3994 946 4048 τοῖς
972 3984 1196 4054 ἐπιτετηδευκόσι
1219 3980 1360 4058 μουσικὴν

102 4075 245 4144 ἰσηγορίας
261 4075 308 4139 τῆς
325 4073 356 4127 ἓν
373 4076 408 4148 τῇ
425 4079 508 4147 τέχνη
525 4076 714 4145 paroaldum
739 4095 769 4127 ex
787 4079 908 4142 analogia
926 4094 1022 4138 eorum,
1050 4094 1115 4143 quae
1132 4067 1310 4142 sequuntur,‹i
1330 4072 1360 4122 ἐν

100 4160 140 4229 τῷ
150 4163 202 4229 βίῳ
221 4156 417 4232 νόμος-ὥσπερ
433 4161 488 4235 γὰρ
506 4161 521 4217 ὁ
538 4161 606 4217 κατὰ
626 4156 764 4236 μουσικὴν
776 4161 863 4234 νόμος
876 4193 907 4201 -
922 4165 1008 4224 οὕτως
1021 4161 1080 4218 οὐδ’
1102 4161 1116 4216 ὁ
1134 4157 1263 4231 βιωτικὸς
1273 4157 1361 4232 νόμος

100 4249 141 4299 hic
160 4267 263 4315 quoque
281 4268 328 4315 pro
346 4245 430 4318 λόγος
449 4247 535 4320 νόμος
553 4255 713 4304 scribendum
731 4255 837 4304 videtur.
