3276 5040
710 384 922 447 ,32-

142 595 147 606 .
191 550 298 603 tantes
321 550 400 604 etc«
449 539 635 604 Claudicare
657 537 737 600 haec
754 558 850 600 nemo
874 559 937 600 non
958 538 1062 600 sentit.
1097 535 1184 617 Quid
1201 537 1285 599 enim
1302 537 1360 601 sibi
1376 537 1447 600 vult

190 647 312 708 dicere:
337 646 452 727 quibus
474 655 582 708 autem
603 644 730 707 fortuna
747 644 915 720 concessit,
945 652 981 705 ut
1003 644 1155 718 viverent,
1184 641 1308 705 sortiter
1335 652 1445 722 tyran-

191 772 305 813 norum
329 751 536 813 acerbitatem
559 747 716 812 tulerunt?
753 746 817 827 Qui
840 756 923 824 sunt,
947 748 1083 811 obsecro
1105 758 1147 824 te,
1172 748 1224 822 illi,
1247 748 1362 827 quibus
1386 746 1446 809 for·

189 866 266 918 tuna
288 855 351 918 hoc
375 853 553 918 concessit?
596 854 712 916 Nonne
735 873 848 915 omnes
871 863 945 916 sunt
966 853 1122 929 homines,
1147 853 1201 933 qui
1221 871 1281 934 pro
1298 852 1447 915 libertate

189 946 254 1024 non
277 962 393 1023 mortui
417 959 510 1022 sunt?
547 961 594 1023 At
615 959 646 1021 hi
669 979 734 1021 non
756 978 869 1020 omnes
891 963 1037 1039 τλητικῶς
1051 956 1205 1037 ὑπέμενον,
1229 958 1286 1020 sed
1301 956 1446 1038 plerique

191 1067 360 1129 summisse
381 1076 414 1129 et
428 1065 597 1127 humiliter.
635 1063 721 1126 Sana
736 1072 843 1125 essent
864 1062 954 1136 haec,
979 1065 1004 1126 si
1020 1065 1202 1145 sapientum
1218 1062 1447 1125 antecederent

191 1171 345 1252 exempla
368 1181 472 1232 morte
493 1169 673 1231 voluntaria
696 1168 840 1250 tyrannis
855 1189 926 1230 sese
942 1168 1151 1251 eripientium,
1167 1169 1225 1231 sed
1239 1187 1298 1231 nec
1313 1166 1446 1229 Xanthii

189 1261 350 1357 sapientes
373 1274 460 1338 fuere
482 1295 541 1337 nec
563 1295 642 1356 puer
665 1273 716 1336 ille
739 1282 794 1336 aut
817 1273 974 1335 mulieres.
1000 1311 1037 1322 -
1062 1274 1231 1337 Praeterea
1252 1272 1350 1334 etiam
1375 1291 1444 1334 sen-

189 1381 307 1444 tentiae
337 1400 420 1462 quae
449 1378 613 1442 Chaereae
642 1399 789 1460 quaeque
816 1378 936 1441 Biantis
972 1379 1065 1441 dictis
1094 1379 1208 1442 adlatis
1239 1374 1445 1458 proferuntur

189 1488 270 1550 inter
293 1506 327 1549 se
351 1485 529 1548 simillimae
551 1485 594 1547 illi
617 1484 804 1546 tribuendae
827 1493 928 1547 erunt.
974 1482 1067 1565 Quae
1088 1494 1165 1567 post
1178 1483 1299 1546 Biantis
1321 1483 1444 1545 dictum

189 1601 357 1674 praeterea
387 1591 495 1652 addita
524 1603 596 1652 sunt
625 1588 722 1650 verba
754 1585 825 1669 παρ’
857 1589 965 1662 ὃτοὺς
995 1589 1131 1669 διχόνους
1154 1597 1181 1652 it.
1197 1613 1223 1650 τ.
1242 1592 1279 1672 l„
1310 1597 1446 1670 propter

190 1697 390 1777 Theognidis
412 1715 522 1757 versus
545 1694 653 1756 addita
675 1713 745 1755 esse
766 1693 970 1756 manifestum
991 1705 1049 1758 est.

275 1802 405 1863 Praeter
431 1799 512 1862 haec
541 1799 635 1880 igitur
665 1797 817 1878 exempla
851 1799 881 1861 in
914 1799 1016 1863 altera
1047 1800 1116 1863 libri
1146 1811 1247 1881 parte,
1271 1801 1296 1862 si
1320 1809 1444 1862 rectum

188 1908 336 1981 vidimus,
368 1906 464 1968 iidem
492 1904 596 1967 fontes
625 1904 837 1984 distinguendi
867 1912 941 1967 sunt
969 1906 1049 1968 inter
1071 1926 1105 1968 se
1128 1906 1285 1980 contrarii,
1308 1926 1390 1987 quos
1413 1905 1445 1966 in

189 2013 324 2075 exordio
348 2010 509 2091 detegisse
531 2009 623 2072 nobis
645 2009 798 2071 videmur.
843 2009 934 2072 Idem
957 2019 1065 2073 autem
1089 2010 1129 2072 de
1144 2011 1251 2092 priore
1267 2010 1336 2073 libri
1351 2020 1444 2092 parte

189 2116 358 2179 dicendum
382 2124 440 2188 est,
472 2134 656 2196 quanquam
678 2115 720 2176 ibi
742 2134 792 2177 res
816 2135 881 2176 non
909 2115 1085 2178 admodum
1115 2124 1165 2179 est
1194 2115 1338 2190 difficilis,
1370 2135 1444 2178 cum

190 2220 385 2304 compilator
406 2230 577 2284 contentus
598 2220 803 2300 argumentis,
832 2239 916 2299 quae
946 2221 976 2281 in
1004 2220 1086 2283 libro
1116 2223 1157 2284 de
1179 2224 1331 2304 sapientis
1354 2220 1444 2284 liber·

187 2337 254 2390 tate
278 2328 451 2404 invenerat,
474 2345 578 2407 pauca
599 2334 724 2387 tantum
747 2344 790 2386 ex
812 2325 914 2388 altero
938 2324 1025 2388 sonte
1048 2327 1229 2408 addidisset,
1254 2348 1337 2410 quae
1352 2327 1445 2389 facile

188 2442 385 2513 separantur,
407 2451 480 2494 eam
503 2431 574 2493 dico
595 2430 915 2510 argumentationem,
936 2450 1000 2510 qua
1015 2450 1046 2511 p.
1062 2432 1137 2510 45οί
1141 2445 1176 2512 51
1195 2434 1443 2502 demonstratur,

188 2537 234 2598 ὅτι
250 2539 303 2615 οὐχ
320 2535 351 2597 αἱ
367 2535 524 2618 ὑπηρεσίαι
538 2533 703 2615 μηνύματα
718 2533 790 2596 εἰσιν
805 2535 948 2610 δουλείας,
973 2556 1055 2616 quae
1078 2537 1123 2598 sic
1141 2537 1302 2618 procedit:
1332 2534 1444 2596 »Mini-

189 2643 285 2704 steria
308 2661 373 2704 non
395 2641 525 2724 propria
547 2661 617 2703 esse
639 2641 808 2714 servitutis,
832 2650 931 2703 testes
954 2649 1027 2704 sunt
1056 2641 1172 2704 milites
1182 2641 1220 2724 1),
1253 2641 1307 2722 qui
1337 2641 1368 2702 in
1399 2639 1443 2701 iti·

189 2748 334 2821 neribus,
369 2755 405 2809 ut
436 2766 471 2808 se
504 2746 709 2828 iumentaque
739 2754 918 2808 sustentent
946 2755 977 2809 et
1005 2746 1106 2821 alant,
1140 2746 1263 2809 nullum
1296 2745 1444 2808 laborem

189 2851 362 2926 fastidiunt,
386 2852 439 2930 qui
460 2850 562 2914 fossas
586 2852 714 2924 ducunt,
731 2870 829 2912 naves
845 2849 1024 2925 aedificant,
1041 2871 1251 2932 quaecunque
1266 2852 1307 2914 ad
1321 2849 1443 2913 bellum

190 2977 273 3038 opus
303 2966 390 3030 sunt,
422 2976 480 3019 sua
509 2977 605 3019 manu
636 2954 762 3030 iaciunt,
792 2965 892 3018 testes
922 2963 996 3018 sunt
1024 2958 1226 3039 pauperesss),
1258 2957 1312 3037 qui
1334 2956 1446 3036 inopia

189 3062 332 3124 omnium
356 3082 461 3123 rerum
484 3062 586 3125 coacti
616 3062 745 3125 sordida
774 3070 807 3124 et
836 3057 966 3126 humilia
993 3061 1125 3125 artificia
1152 3071 1314 3139 exercent,
1343 3070 1444 3124 testes

187 3168 287 3231 altera
310 3188 352 3229 ex
374 3176 466 3247 parte
488 3187 654 3230 servorum
677 3167 728 3242 illi,
753 3168 806 3249 qui
822 3167 1032 3248 ingenuorum
1056 3168 1239 3230 muneribus
1256 3167 1440 3248 iunguntur,

190 3274 248 3337 sed
277 3283 386 3336 tamen
417 3273 498 3335 servi
527 3282 609 3346 sunt,
641 3283 676 3336 ut
705 3273 836 3335 omnino
867 3293 930 3335 non
960 3273 1000 3335 sit
1022 3273 1146 3347 mirum,
1170 3272 1196 3334 si
1222 3273 1293 3353 quis
1314 3270 1443 3333 duriore

187 3378 314 3441 fortuna
337 3387 468 3440 coactus
491 3379 531 3440 ad
555 3379 727 3441 ministeria
748 3378 930 3451 descendat,
949 3397 1032 3457 quae
1047 3379 1129 3441 servi
1145 3387 1310 3460 praestare
1324 3375 1442 3438 solent.

187 3483 245 3558 At,
269 3482 401 3562 inquies,
425 3482 515 3545 alteri
538 3483 693 3546 oboedire
715 3483 870 3546 libertatis
893 3491 943 3544 est
964 3483 1234 3564 detrimentum8).
1273 3480 1338 3544 Cur
1360 3499 1441 3562 ergo

274 3732 297 3798 ¹)
317 3732 380 3792 τοὺς
397 3728 452 3803 γὰρ
471 3736 707 3805 στρατευομένους
726 3733 796 3786 ἰδεῖν
819 3733 893 3789 ἐστιν
912 3731 1085 3802 αὐτουργοὺς
1103 3730 1236 3786 ἁπάντων
1250 3732 1440 3799 (Wilamowitz.

187 3819 316 3881 ἅπαντας
334 3820 435 3887 codd).

270 3897 296 3977 ²²)
316 3910 375 3964 ἔστι
399 3908 434 3960 δέ
452 3927 493 3966 τις
517 3913 564 3962 καὶ
587 3905 645 3961 κατ’
670 3905 779 3980 εἰρήνην
806 3905 930 3983 πόλεμος
949 3917 998 3964 τοῦ
1018 3912 1132 3976 (Wilam.
1153 3912 1207 3964 ταῖν
1226 3907 1313 3976 codd.)
1332 3909 1362 3962 ἐν
1381 3913 1441 3969 τοῖς

185 3997 284 4057 ὅπλοις
306 3995 356 4050 οὐκ
374 3995 513 4051 ἀποδέων.

272 4087 295 4154 ⁸)
315 4089 357 4138 Sic
375 4088 491 4137 codicum
510 4089 587 4137 verba
605 4089 713 4153 graviter
731 4097 848 4153 corrupta
866 4090 919 4137 sine
937 4090 1016 4138 dubio
1034 4090 1206 4153 intellegenda
1231 4096 1302 4136 sunt:
1332 4089 1369 4138 Τὶ
1388 4080 1440 4137 οὖν

186 4172 364 4249 θαυμαστὸν,
383 4179 409 4229 εἰ
427 4179 473 4226 καὶ
490 4173 560 4228 κατὰ
578 4171 610 4228 τὸ
629 4176 756 4229 ἐναντίον
777 4172 803 4242 [ὁ
820 4173 966 4247 ἐλεύθερος
984 4178 1045 4226 add.
1065 4175 1177 4243 Wilam.]
1197 4171 1304 4244 ὀλίσθῳ
1326 4177 1373 4241 τῆς
1389 4175 1441 4239 (τις

186 4265 288 4331 Mang.)
308 4262 437 4335 εὐτυχίας
454 4261 586 4325 δουλικὰς
600 4267 696 4333 χρείας
713 4265 844 4325 intret&
874 4265 912 4332 τῴ
932 4263 974 4330 (td
995 4265 1094 4333 Mang.)
1111 4264 1142 4318 δὲ
1161 4261 1312 4318 ὑπακούειν
1340 4264 1440 4337 ἑτέρων

186 4352 279 4426 (ἑτέρῳ
300 4353 402 4418 Mang.)
426 4350 476 4418 τὴν
503 4355 662 4428 ἐλευθερίαν
689 4350 859 4424 ἀφαιρεῖται.
902 4355 953 4404 Sed
975 4355 1039 4420 sugit
1066 4357 1221 4420 Mangeyum
1246 4354 1277 4407 δὲ
1301 4355 1359 4404 ferri
1382 4370 1436 4404 non
