3276 5040
739 341 928 402 ..3-

207 517 275 571 tate
300 517 359 571 est.
403 509 514 590 Ipsum
537 511 707 572 exordium
723 510 787 572 tale
803 518 861 584 est,
885 510 980 590 quale
1002 510 1100 572 totius
1123 511 1252 590 quidem
1268 513 1464 593 quaestionis

207 622 240 676 et
261 613 302 676 de
324 613 476 676 servitute
499 613 658 677 malorum
680 624 713 678 et
734 616 775 679 de
797 616 957 679 bonorum
986 613 1132 678 libertate
1161 617 1264 698 possit
1292 618 1461 681 exordium

207 739 287 793 esse,
319 739 423 798 neque
450 740 527 783 vero
557 719 697 782 alterius·
714 721 822 802 partis.
866 719 953 801 Quid
980 721 1064 782 enim
1086 719 1146 783 sibi
1173 721 1271 786 vellet
1295 723 1396 786 altero
1419 744 1462 786 ex

206 822 255 886 his
286 824 462 904 paradoxis
490 832 628 888 tractato
657 833 727 887 tum
757 829 888 889 demum
918 845 1083 906 exponere
1113 826 1328 891 recedendum
1348 849 1419 892 esse
1442 849 1462 890 a

204 930 286 991 tritis
306 928 394 1010 vulgi
416 930 589 1005 sententiis
613 930 639 993 si
655 931 726 1013 quis
747 951 823 993 vere
845 929 1059 1012 philosophus
1082 951 1152 994 esse
1173 932 1279 1008 vellet,
1305 942 1337 995 et
1359 933 1461 996 multi-

206 1034 350 1097 tudinem
372 1022 562 1116 vituperare,
587 1036 676 1116 quod
698 1056 745 1111 ea,
773 1056 855 1118 quae
885 1034 1070 1117 philosophi
1097 1037 1259 1113 docerent,
1292 1037 1461 1118 reprehen-

205 1139 297 1202 deret
319 1149 416 1222 atque
438 1140 590 1216 irrideret,
613 1149 646 1204 et
668 1141 749 1204 inter
764 1140 834 1216 alia,
859 1160 942 1221 quae
957 1141 1119 1222 plerisque
1133 1142 1272 1206 absurda
1289 1163 1359 1206 esse
1378 1143 1460 1205 vide·

211 1254 320 1307 rentur
340 1253 438 1325 atque
460 1245 501 1308 ab
524 1246 610 1308 omni
631 1247 754 1308 ratione
777 1246 879 1309 aliena
898 1247 1025 1310 duobus
1048 1248 1114 1309 istis
1136 1248 1311 1328 paradoxis
1335 1268 1461 1310 enume-

210 1350 286 1413 ratis
318 1351 360 1433 (p.
384 1352 463 1429 446:
494 1351 554 1412 ἀπὸ
582 1349 616 1414 δὲ
644 1361 701 1430 τῆς,
727 1354 819 1431 αὐτῆς
849 1350 1024 1433 ὀνειρώξεως
1045 1359 1108 1425 τοῖς
1127 1351 1183 1431 μὲν
1207 1351 1397 1436 applicitae
1421 1390 1461 1402 -

208 1456 345 1517 δουλείαν
367 1455 573 1538 ἐπετόλμησαν
593 1455 771 1538 ἐπιφημίσαι
795 1479 822 1521 κ.
841 1479 869 1520 τ.
887 1458 927 1536 λ.)
954 1457 1101 1519 homines
1132 1457 1266 1533 hortari,
1297 1467 1333 1522 ut
1361 1457 1461 1540 philo·

209 1561 343 1643 sophiae
373 1563 532 1625 curandos
560 1582 596 1624 se
625 1561 802 1635 traderent,
833 1570 868 1623 ut
897 1561 1134 1642 intellegerent,
1166 1582 1264 1643 quam
1294 1583 1369 1625 vere
1403 1565 1461 1626 ista

207 1675 316 1730 essent
337 1666 443 1729 dicta?
465 1702 507 1717 -
528 1667 597 1728 Iam
620 1666 692 1728 vide
715 1667 819 1747 ipsam
845 1652 1076 1748 quaestionem.
1121 1667 1236 1748 Incipit
1263 1666 1305 1729 ab
1335 1687 1461 1731 enume-

207 1773 330 1837 ratione
350 1774 487 1835 duorum
509 1772 668 1835 servitutis
688 1791 843 1852 generum
864 1773 993 1854 (dauleio
1016 1774 1115 1833 τοίνυν
1136 1771 1226 1853 ἡμὲν
1246 1781 1365 1851 ψυχῶν,
1388 1775 1407 1852 ἡ
1430 1773 1463 1835 δὲ

204 1877 357 1956 ’σωμάτων
378 1876 508 1959 λέγεται,
536 1879 567 1940 in
597 1897 663 1958 quo
691 1875 755 1940 hoc
785 1879 1103 1941 animadvertendum
1133 1887 1198 1953 est,
1229 1880 1318 1960 quod
1347 1877 1461 1961 λέγεται

210 1984 333 2062 dicitur,
355 2004 420 2046 non
443 1983 585 2066 ἐλέγετο);
610 1983 641 2044 in
661 1982 763 2046 altera
777 1981 923 2046 homines
939 2005 1010 2046 esse
1025 1983 1183 2058 dominos
1201 1983 1232 2045 in
1248 1984 1349 2047 altera
1365 1986 1461 2048 animi

205 2089 399 2170 pravitatem
422 2100 455 2153 et
476 2089 742 2171 perturbationes.
780 2088 840 2151 His
862 2089 927 2151 duo
950 2089 1104 2152 libertatis
1120 2109 1239 2170 genera
1254 2100 1462 2171 opponuntur

205 2203 239 2258 et
260 2196 433 2276 exponitur
454 2215 520 2258 non
541 2195 595 2272 agi
616 2194 657 2256 de
686 2193 885 2275 corporibus
916 2195 1036 2276 quippe
1066 2215 1150 2274 quae
1177 2194 1460 2258 innumerabilibus

205 2299 332 2363 casibus
363 2301 601 2375 sintobnoxia,
628 2299 685 2362 sed
707 2299 774 2383 περὶ
799 2297 920 2382 τρόπον
942 2300 1165 2380 quaestionem
1188 2320 1267 2362 esse.
1308 2321 1339 2382 p.
1360 2303 1478 2383 4491)η

207 2405 364 2480 definitur,
398 2405 452 2487 qui
480 2425 556 2467 vere
585 2425 696 2467 servus
726 2406 775 2480 sit,
807 2404 904 2486 paulo
927 2403 1007 2467 insra
1033 2426 1065 2486 p.
1088 2418 1153 2485 45ο
1181 2406 1326 2487 longiore
1356 2407 1461 2488 dispu-

205 2513 329 2573 tatione
359 2511 538 2592 explicatur
566 2511 739 2572 ministeria
769 2529 833 2571 non
861 2512 992 2592 propria
1020 2531 1091 2573 esse
1122 2512 1291 2574 servitutis
1338 2512 1375 2574 In
1397 2511 1460 2574 fine

205 2614 276 2679 libri
298 2615 440 2678 ridentur
470 2616 513 2692 ei,
545 2619 600 2696 qui
629 2616 815 2678 manumissi
838 2636 857 2678 a
878 2617 1016 2679 dominis
1038 2637 1111 2679 eam
1134 2616 1177 2679 ob
1193 2636 1324 2678 causam
1339 2637 1374 2679 se
1391 2637 1461 2679 esse

205 2720 324 2784 liberos
353 2722 594 2785 arbitrarentur:
625 2741 700 2784 nam
730 2721 805 2783 licet
831 2743 948 2784 vernae
977 2742 1042 2785 non
1071 2723 1134 2784 iam
1164 2722 1226 2784 sint
1254 2743 1312 2784 nec
1342 2720 1460 2800 famuli,

207 2825 304 2890 nihilo
327 2828 430 2889 secius
451 2846 562 2890 servos
585 2846 657 2888 esse
672 2846 729 2889 eos
744 2826 912 2889 hominum
927 2837 959 2890 et
976 2828 1197 2909 cupiditatum.
1235 2828 1327 2889 Haec
1343 2829 1459 2904 omnia,

207 2932 316 2994 curin
338 2931 401 2995 hoc
423 2931 505 2994 libro
528 2931 753 3014 exponuntur?
796 2932 911 3014 Neque
940 2933 1024 2995 enim
1052 2941 1162 3015 potest
1191 2932 1321 3014 probari
1348 2953 1461 2995 omnes

208 3037 313 3099 malos
343 3057 414 3100 esse
440 3057 560 3115 servos,
590 3038 622 3100 id
648 3038 736 3118 quod
762 3040 926 3118 superiore
949 3059 1098 3101 sermone
1121 3037 1272 3101 effectum
1295 3039 1379 3113 dicit,
1404 3038 1460 3100 nisi

205 3151 293 3205 certe
316 3141 457 3218 definite,
481 3144 557 3225 quid
579 3145 621 3206 sit
640 3162 717 3205 vera
746 3143 882 3207 servitus
901 3153 935 3208 et
964 3145 1026 3220 ubi,
1056 3144 1265 3222 refutatisque
1294 3143 1461 3205 hominum

204 3247 236 3309 in
257 3246 319 3310 hac
341 3268 375 3310 re
398 3248 565 3313 erroribus.
609 3249 778 3311 Praeterea
800 3269 856 3311 cur
877 3270 908 3331 p.
925 3263 998 3329 452,
1022 3270 1053 3331 p.
1070 3249 1134 3327 466
1156 3249 1352 3330 argumentis
1367 3247 1460 3310 simul

208 3361 241 3415 et
277 3372 390 3414 omnes
419 3353 524 3416 bonos
545 3374 616 3416 esse
637 3353 756 3416 liberos
778 3362 811 3416 et
837 3353 940 3416 malos
961 3374 1032 3417 esse
1063 3374 1173 3417 servos
1202 3353 1374 3435 probatur,
1403 3373 1460 3415 cur

209 3477 242 3539 p.
265 3472 327 3537 453
351 3459 514 3521 nonsatis
543 3458 686 3521 habebat
713 3480 756 3521 ex
778 3456 914 3544 ἰσηγορίᾳ
930 3458 1090 3521 bonorum
1119 3458 1299 3522 libertatem
1329 3459 1460 3520 demon-

150 3566 153 3569 ’
206 3572 333 3639 strasse,
358 3563 416 3626 sed
437 3563 572 3626 alteram
595 3564 685 3626 addit
706 3563 954 3638 conclusionem,
978 3583 1042 3643 qua
1057 3563 1217 3626 malorum
1236 3562 1372 3625 servitus
1387 3582 1460 3624 con-

209 3667 353 3731 firmetur
377 3667 464 3751 (Ἀπὸ
485 3667 518 3730 (li
532 3678 586 3748 τῆς
601 3648 695 3748 αὐτῆς
710 3671 850 3751 ἀφορμῆς
867 3670 917 3729 καὶ
934 3668 980 3729 ὅτι
996 3669 1101 3740 δοῦλος
1115 3669 1131 3730 ὅ
1153 3670 1260 3752 ἄφρων
1283 3666 1372 3743 ἐστὶν,
1396 3665 1460 3727 ἐπι-

206 3773 413 3854 δειχθήσεται.
454 3768 569 3858 Ὥσπερ
589 3775 647 3856 γὰρ
661 3797 689 3838 κ.
702 3796 730 3838 τ.
742 3773 802 3855 ll?
851 3773 906 3837 Sin
922 3781 1030 3836 autem
1046 3773 1126 3837 haec
1141 3774 1259 3837 addere
1274 3773 1406 3838 volebat
1420 3773 1461 3836 ad

207 3880 321 3960 prioris
344 3879 414 3943 libri
436 3889 635 3962 argumenta,
659 3881 691 3942 id
713 3880 742 3942 ei
765 3879 935 3942 dicendum
952 3888 1029 3954 erat,
1052 3880 1140 3959 quod
1157 3899 1196 3941 ne
1211 3878 1312 3942 verbo
1331 3878 1461 3958 quidem

208 3983 253 4061 fit,
276 3985 376 4047 immo
398 4004 594 4066 nusquam
615 3993 743 4066 praeter
764 3985 886 4047 initium
908 3983 1053 4068 προτέρου
1075 3983 1164 4066 λόγου
1185 3983 1250 4046 ulla
1271 3982 1308 4045 tit
1331 3983 1460 4059 mentio,

208 4110 393 4173 quanquam
416 4111 515 4172 usque
540 4110 667 4172 quaque
690 4090 829 4156 libertati
851 4090 1010 4153 bonorum
1036 4089 1195 4153 malorum
1211 4090 1345 4152 servitus
1362 4108 1461 4170 oppo-

291 4327 315 4395 l)
335 4331 365 4378 ln
385 4330 492 4379 citandis
510 4330 611 4394 paginis
628 4330 766 4380 editionem
785 4329 967 4393 Mangeianam
984 4344 1084 4394 sequor.
