3276 5040
628 1575 826 1659 CAPUT
860 1578 929 1658 ΙΙΙ.

413 1744 482 1823 De
510 1748 711 1824 auctore
739 1744 939 1843 eiusque
967 1749 1136 1825 aetate.

230 1934 298 1994 lam
329 1942 437 1994 autem
467 1941 572 1994 totum
600 1932 725 2008 librum,
754 1934 842 1994 cuius
872 1933 933 1996 hae
963 1936 1166 2015 potissimum
1189 1945 1297 2017 partes
1318 1946 1402 2011 sunt,

146 2039 319 2113 videamus,
344 2058 426 2118 quae
448 2039 489 2100 de
512 2047 643 2099 auctore
673 2038 740 2099 eius
769 2047 866 2119 atque
901 2042 941 2101 de
970 2049 1085 2114 aetate,
1114 2061 1179 2120 qua
1209 2039 1311 2118 luerit,
1341 2041 1404 2102 sint

146 2144 322 2205 iudicanda.
367 2142 479 2223 Atque
508 2143 648 2224 primum
679 2144 808 2224 quidem
839 2146 927 2224 quod
958 2147 998 2207 ad
1027 2146 1094 2207 eius
1117 2153 1258 2207 aetatem
1279 2146 1402 2221 attinet,

146 2259 220 2312 ante
243 2251 379 2311 vidimus
402 2269 477 2311 eum
500 2269 564 2310 non
587 2248 693 2310 solum
714 2248 858 2312 Philonei
888 2236 1043 2312 sermonis
1073 2250 1168 2313 fuisse
1199 2251 1402 2324 imitatorem,

35 2388 36 2391 ¹
146 2358 202 2418 sed
232 2365 319 2418 totos
349 2360 473 2436 pannos
501 2374 544 2416 ex
572 2355 639 2416 eius
669 2354 755 2416 libris
778 2357 979 2436 surrepsisse,
1003 2365 1038 2417 ut
1060 2357 1104 2418 ita
1126 2355 1307 2431 terminum,
1329 2365 1403 2418 ante

146 2482 243 2542 quem
266 2461 367 2534 luerit,
391 2460 576 2522 habeamus
621 2460 690 2522 Nec
713 2460 793 2522 alter
815 2462 969 2523 terminus
989 2461 1077 2534 latet,
1108 2481 1182 2522 cum
1212 2481 1318 2541 supra,
1349 2460 1404 2523 ubi

146 2571 185 2629 de
209 2567 337 2628 Essaeis
359 2566 601 2646 disputavimus,
625 2565 701 2628 satis
723 2566 993 2629 demonstravisse
1022 2567 1113 2628 nobis
1136 2566 1312 2642 videamur,
1342 2567 1402 2628 ista

146 2693 210 2735 non
240 2673 297 2734 nisi
327 2681 402 2733 ante
428 2681 524 2753 capta
547 2671 777 2751 Hierosolyma
806 2672 900 2734 scribi
929 2671 1082 2753 potuisse.
1127 2671 1240 2750 Itaque
1262 2670 1402 2734 Philonis

145 2790 329 2859 temporum
352 2778 418 2841 fere
441 2777 583 2859 aequalis
606 2777 701 2839 luisse
725 2779 912 2841 statuendus
934 2786 991 2851 est,
1022 2778 1071 2838 cui
1100 2777 1283 2858 respondet,
1313 2779 1402 2857 quod

146 2908 175 2966 p.
200 2887 263 2963 464
285 2885 443 2948 Xanthios
467 2925 505 2932 —
530 2904 603 2945 nam
624 2883 687 2945 hoc
702 2883 890 2964 exemplum
906 2882 1109 2962 compilatori
1124 2883 1183 2963 ipsi
1199 2883 1402 2944 tribuendum

146 3012 216 3074 esse
238 3011 335 3071 supra
357 2991 524 3052 docuimus
546 3026 588 3036 -
618 2998 725 3050 narrat
755 2991 790 3049 οὐ
818 2989 876 3070 πρὸ
896 2992 1006 3049 πολλοῦ
1029 2998 1167 3050 mortem
1189 2987 1402 3049 voluntariam

146 3097 272 3158 obiisse.
318 3094 416 3174 Quod
438 3095 478 3156 ad
502 3096 664 3156 nationem
687 3095 754 3155 eius
776 3095 979 3175 patriamque
1009 3094 1131 3167 attinet,
1163 3114 1236 3155 eum
1259 3091 1401 3154 Alexan·

145 3203 270 3263 drinum
293 3221 357 3263 non
378 3200 474 3262 fuisse
497 3201 529 3261 id
552 3200 681 3281 quidem
703 3210 789 3262 certe
813 3202 930 3261 scimus
952 3201 993 3278 (v.
1018 3221 1049 3278 p.
1078 3199 1140 3279 13):
1165 3219 1224 3260 nec
1245 3198 1400 3259 Iudaeum

145 3310 220 3369 eum
243 3306 338 3369 fuisse
361 3307 427 3368 veri
447 3305 548 3367 simile
571 3315 629 3380 est,
653 3307 806 3386 quoniam
829 3307 869 3367 de
893 3305 952 3366 illis
967 3313 1001 3365 ut
1018 3303 1127 3365 alienis
1151 3303 1333 3365 hominibus
1356 3302 1398 3364 lo·

146 3415 252 3493 quitur
274 3421 315 3486 et,
340 3412 366 3474 si
387 3412 444 3485 vis,
468 3412 619 3492 quoniam
642 3411 748 3472 insunt
771 3411 802 3472 in
824 3412 886 3473 hoc
909 3410 1000 3482 libro,
1024 3429 1106 3489 quae
1128 3409 1265 3471 scribere
1280 3409 1401 3470 homini

145 3539 219 3581 vere
237 3519 365 3581 Iudaeo
381 3517 564 3598 religiosum
588 3525 681 3578 esset.
720 3514 785 3577 Sed
808 3515 916 3598 aliquo
940 3515 1038 3577 modo
1061 3536 1135 3577 cum
1152 3517 1198 3577 eis
1213 3513 1401 3576 coniunctus

146 3624 238 3687 fuerit
259 3644 389 3687 necesse
406 3632 470 3685 est:
507 3643 581 3684 nam
605 3631 637 3684 et
655 3621 795 3683 Philonis
818 3620 916 3684 libros
932 3620 1010 3700 legit
1021 3619 1118 3700 paulo
1135 3629 1309 3701 postquam
1326 3618 1401 3680 editi

146 3740 227 3805 sunt,
243 3739 275 3792 et
291 3729 498 3810 allegoricam
514 3727 600 3790 illam
612 3728 700 3789 vocis
716 3726 970 3810 ὅλοκαρπώματος
988 3726 1284 3806 interpretationem
1293 3724 1401 3785 Iudae-

146 3856 237 3897 orum
253 3835 412 3916 propriae,
433 3835 473 3895 de
489 3854 557 3906 su0,
584 3834 670 3915 quod
687 3834 817 3914 quidem
835 3832 969 3905 videtur,
985 3830 1116 3907 addidit,
1133 3839 1166 3891 et
1181 3830 1212 3891 in
1228 3827 1400 3910 Sophoclis

145 3962 239 4003 versu
262 3961 321 4022 pro
344 3941 419 4002 love
443 3940 518 4000 θεὸν
540 3939 711 4012 substituit,
745 3938 880 3999 fortasse
903 3936 1000 3997 etiam
1023 3935 1054 3995 in
1077 3956 1117 3996 eo
1144 3935 1232 4016 quod
1256 3955 1298 3995 ex
1321 3934 1401 4013 sapi-

146 4048 226 4108 entis
256 4066 330 4108 cum
360 4047 422 4108 deo
448 4046 585 4107 amicitia
614 4045 739 4107 ducitur
767 4050 975 4123 argumento,
1010 4040 1042 4100 id
1066 4040 1154 4121 quod
1177 4060 1240 4100 non
1262 4047 1400 4119 praeter-

147 4153 337 4214 mittendum
360 4160 418 4225 est,
443 4153 590 4232 quamvis
613 4150 741 4231 reliquis
767 4149 845 4211 locis
862 4147 1059 4210 Graecorum
1075 4146 1116 4206 de
1132 4145 1180 4206 dis
1198 4143 1400 4225 opinionibus

146 4279 181 4319 se
203 4258 508 4331 adcommodaverit,
533 4267 565 4319 et
580 4257 785 4330 Essaeorum,
803 4253 891 4335 quod
907 4251 1015 4332 magni
1031 4260 1081 4312 est
1096 4251 1259 4323 momenti,
1279 4257 1401 4310 certam

146 4365 287 4427 habebat
310 4364 465 4426 notitiam.
510 4361 622 4445 Atque
644 4361 705 4425 hac
728 4361 797 4443 ipsa
819 4361 860 4422 de
883 4378 988 4431 causa,
1020 4356 1107 4438 quod
1138 4355 1265 4417 illorum
1294 4372 1401 4414 mores

1136 4457 1190 4521 4*ss
