3276 5040
707 391 934 455 -34-.

187 572 260 615 cum
283 549 344 611 hac
366 547 644 628 argumentatione
674 567 692 608 e
720 546 880 608 contrario
910 545 1093 618 doceamur,
1122 546 1205 607 inter
1225 543 1391 626 ὑπηρεσίας
1412 552 1446 607 et

192 651 352 716 δεσποτικὰ
372 644 537 735 γράμματα
558 650 729 713 discrimen
758 670 830 714 esse
852 650 1041 714 faciendum.
1067 687 1106 696 -
1129 649 1298 713 Praeterea
1320 670 1386 712 non
1402 649 1445 711 in·

190 759 263 821 veni
291 758 321 819 in
352 758 412 820 hac
439 757 508 820 libri
538 765 639 837 parte,
672 776 755 836 quae
784 777 803 818 a
833 756 1022 837 quaestione
1051 756 1092 817 de
1120 753 1269 817 libertate
1291 754 1446 836 sapientis

188 860 290 924 aliena
321 859 393 921 sint.
444 859 559 940 Neque
589 859 620 922 in
657 859 789 941 epilogo
817 871 904 936 sunt,
942 880 1026 942 quae
1054 859 1232 941 quidquam
1258 859 1447 923 offensionis

185 966 369 1048 praebeant.

271 1176 387 1237 Restat
415 1174 511 1255 igitur
539 1182 575 1236 ut
604 1183 829 1255 argumentum
859 1195 988 1247 eorum,
1020 1195 1104 1255 quae
1133 1196 1176 1237 ex
1201 1184 1311 1237 nostra
1338 1174 1446 1256 dispu-

189 1281 310 1344 tatione
331 1278 413 1341 libro
435 1279 501 1360 περὶ
523 1287 578 1339 τοῦ
599 1272 697 1340 πάντα
719 1281 881 1341 σπουδαῖον
904 1274 978 1340 εἶναι
1002 1279 1162 1359 ἐλεύθερον
1176 1280 1346 1343 tribuenda
1359 1288 1446 1354 sunt,

189 1403 381 1458 enarremus,
406 1401 489 1462 quae
512 1382 629 1459 omnia,
651 1405 724 1446 cum
747 1386 938 1466 paradoxon
960 1385 1037 1447 illud
1060 1405 1158 1448 unum
1181 1386 1222 1447 sit
1238 1405 1281 1447 ex
1297 1386 1342 1460 iis,
1361 1371 1473 1466 quae'

189 1490 288 1553 Stoici
310 1496 422 1551 contra
443 1485 629 1564 opinionem
651 1485 819 1567 vulgarem
841 1488 883 1551 de
911 1490 1056 1571 sapiente
1082 1510 1141 1552 suo
1169 1491 1446 1572 praedicaverunt,

190 1593 278 1672 quod
301 1591 431 1670 quidem
453 1591 495 1652 ad
518 1609 585 1652 rem
600 1591 704 1672 ipsam
719 1594 841 1669 attinet,
865 1595 907 1657 ad
922 1615 1034 1656 eorum
1049 1595 1248 1677 disciplinam
1265 1598 1449 1659 revocanda

190 1718 262 1760 esse
302 1715 375 1757 cum
404 1710 530 1776 perse
559 1704 705 1776 apparet,
734 1706 802 1759 tum
833 1698 982 1762 adhibitis
1003 1699 1072 1761 aliis
1096 1700 1305 1781 scriptoribus
1328 1700 1450 1764 intelle-

190 1822 314 1883 gemus
358 1800 427 1861 Iam
450 1799 546 1880 igitur
567 1798 620 1862 illa
642 1801 823 1867 videamus:

279 1905 577 1987 »Pythagoreorum
597 1904 690 1968 illud:
725 1928 774 1981 ,ne
797 1910 868 1988 quis
890 1910 1017 1971 incedat
1039 1930 1097 1991 per
1118 1910 1203 1971 viam
1226 1910 1448 1994 publicam‘1),

192 2014 245 2094 qui
266 2031 342 2073 vere
368 2011 472 2072 adhuc
494 2010 718 2092 philosophiae
733 2014 932 2089 studuerunt,
949 2036 1042 2076 suum
1058 2014 1245 2096 fecerunt),
1261 2015 1450 2096 vulgaribus

193 2117 396 2199 opinionibus
424 2115 619 2196 contemptis
648 2118 878 2181 constituentes
906 2118 1002 2201 λόγων
1024 2119 1074 2180 καὶ
1097 2117 1259 2200 δογμάτων
1281 2119 1406 2200 totam),
1430 2142 1451 2183 a

193 2222 308 2304 quibus
331 2223 462 2302 impuris
480 2221 705 2284 abstinendum
728 2231 786 2287 est.
831 2225 980 2306 Impuros
1002 2234 1111 2287 autem
1134 2225 1206 2287 dico
1232 2234 1274 2299 et,
1307 2226 1361 2306 qui
1382 2246 1450 2288 eru-

193 2328 320 2391 ditionis
344 2328 474 2389 omnino
497 2334 572 2388 sunt
593 2336 754 2406 expertes
778 2337 811 2390 et
833 2330 887 2410 qui
901 2330 1105 2393 simulatione
1119 2331 1294 2411 sapientiae
1310 2328 1451 2394 sormam

191 2435 258 2496 eius
282 2432 615 2514 pulchritudinemque
638 2441 874 2514 corrumpunt«
915 2436 970 2498 Ab
986 2436 1100 2497 eadem
1119 2436 1277 2498 sententia
1291 2453 1332 2496 ne
1347 2433 1451 2496 multi·

191 2539 335 2601 tudinem
354 2537 385 2597 in
408 2538 591 2618 quaerenda
613 2537 678 2598 vita
700 2537 796 2600 beata
825 2540 941 2601 ducem
970 2560 1144 2620 sequamur
1166 2538 1308 2602 Senecae
1340 2538 1453 2619 incipit

193 2643 273 2706 liber
294 2644 334 2705 de
356 2643 422 2703 vita
443 2641 548 2707 beata.
597 2639 755 2720 »Quicum
778 2643 886 2705 lumen
907 2644 1114 2726 intellegibile
1135 2665 1265 2708 cernere
1287 2653 1453 2725 nequeant

192 2769 270 2829 prae
304 2748 401 2810 animi
432 2747 600 2809 oculorum
628 2745 839 2823 hebetudine,
874 2750 964 2830 quasi
993 2751 1025 2812 in
1057 2760 1153 2813 nocte
1182 2751 1323 2831 quadam
1349 2749 1453 2812 vitam

194 2856 349 2933 degentes
378 2851 476 2914 fidem
506 2872 571 2914 non
600 2852 721 2915 habent
746 2852 816 2929 illis,
848 2855 902 2934 qui
935 2856 965 2916 in
995 2855 1067 2917 luce
1092 2856 1211 2930 vivunt,
1242 2874 1392 2935 quaeque
1414 2854 1452 2917 iis

194 2967 322 3020 narrant
345 2957 385 3018 de
407 2958 501 3020 rebus
524 2958 555 3018 in
578 2956 696 3019 lumine
717 2958 794 3020 solis
816 2962 1007 3041 conspectis,
1030 2981 1131 3023 vanos
1154 2981 1278 3023 errores
1299 2969 1333 3023 et
1347 2980 1453 3042 nugas

195 3083 265 3126 esse
288 3064 436 3125 ducunt«
488 3062 591 3124 Huius
621 3062 832 3126 similitudinis
853 3065 1020 3129 Platonem
1054 3075 1219 3129 auctorem
1253 3086 1324 3128 esse
1353 3086 1452 3129 nemo

195 3169 306 3242 nescit,
330 3168 384 3249 qui
406 3167 450 3229 rei
471 3167 560 3249 publ.
584 3167 654 3229 libri
670 3166 688 3242 ζ
700 3168 788 3231 initio
803 3190 876 3231 eam
898 3172 1078 3252 proposuit.
1117 3172 1309 3234 »Debebunt
1331 3179 1451 3247 autem,

194 3284 229 3336 ut
251 3274 279 3348 ii,
303 3273 357 3354 qui
380 3275 524 3354 corporis
545 3271 666 3335 morbis
687 3273 874 3348 cruciantur,
899 3276 1053 3338 auxilium
1075 3298 1095 3338 a
1115 3276 1248 3339 medicis
1265 3284 1389 3357 petunt,
1406 3277 1454 3340 sic

281 3479 303 3546 1)
324 3482 381 3530 Hoc
405 3481 499 3530 dictum
523 3481 622 3545 saepius
645 3481 771 3530 invenitur
794 3481 827 3532 cf.
854 3483 885 3532 E.
906 3485 992 3546 Maas,
1019 3485 1143 3550 philolog.
1171 3485 1271 3536 Unters.
1297 3487 1338 3535 III
1362 3503 1389 3552 p.
1407 3499 1452 3551 97.

194 3579 323 3637 praeterea
347 3569 434 3618 adfero
453 3570 575 3618 Clement.
594 3577 678 3619 strom.
697 3570 721 3616 V
739 3584 781 3634 31,
802 3570 853 3632 664
882 3572 910 3620 P.
927 3573 1062 3637 Jamblich.
1086 3581 1209 3638 protrept.
1228 3590 1255 3637 p.
1276 3574 1336 3637 328.
1362 3575 1455 3627 alludit

196 3660 372 3715 Callimachus,
393 3658 472 3723 epigr.
492 3656 538 3706 28:

469 3743 591 3817 ἐχθαίρω
608 3745 639 3797 τὸ
659 3749 766 3817 ποίημα
784 3745 814 3797 τὸ
834 3742 971 3809 κυκλικόν,
991 3743 1056 3799 αἰδὲ
1075 3745 1197 3815 κελεύθῳ

467 3839 559 3904 χαίρω
577 3839 619 3894 τίς
637 3835 759 3894 πολλοὺς
776 3820 830 3887 ὧδε
850 3838 897 3886 καὶ
917 3821 971 3888 ὧδε
994 3841 1081 3909 φέρει.

284 3922 307 3990 2)
326 3927 505 3980 καταπειθεῖς
523 3921 671 3991 γενόμενοι
688 3926 727 3988 τρῖ
750 3919 949 3994 προστάγματι
969 3921 1055 3991 λόγον
1073 3920 1152 3988 αὐτό,
1169 3923 1328 3997 μᾶλλονδὲ
1346 3924 1457 3996 δεσμὸν

198 4010 347 4083 ἰσούμενον
365 4012 485 4080 χρησμῷ
509 4009 701 4078 ὑπετόττησανε
740 4030 786 4078 pro
811 4008 897 4080 λόγον
923 4023 1027 4079 propter
1051 4010 1159 4082 δεσμὸν
1180 4004 1270 4082 νόμον
1295 4016 1457 4065 scribendum

196 4104 303 4152 videtur.

282 4189 305 4255 8)
324 4185 453 4258 ἀτραπὸν
476 4182 581 4254 δι’βατον
607 4184 825 4257 ἐκαινοτόμησαν
850 4183 974 4249 ἰδιώταις
998 4188 1091 4258 λόγων
1112 4195 1159 4244 καὶ
1183 4186 1349 4262 δογμάτων,
1381 4189 1459 4250 ἰδέας

199 4280 436 4337 καταστείλαντεςῑ
463 4279 498 4329 sic
516 4279 633 4340 editores,
653 4287 712 4344 post
731 4272 853 4336 ἰδιώταις
872 4280 1078 4342 distinguendum
1096 4297 1149 4331 esse
1167 4282 1254 4330 docuit
1273 4296 1312 4329 me
1331 4279 1457 4331 Wilamo·

198 4369 303 4418 witzius
