3276 5040
709 380 924 443 „43-

189 533 377 615 inplicatos«
391 534 425 615 1).
454 533 565 596 Unum
587 535 766 615 sapientem
781 553 853 596 esse
868 553 978 614 regern
995 531 1177 595 Stoicorum
1194 542 1244 595 est
1258 536 1450 615 paradoxon

187 639 406 702 notissimum:
432 638 515 722 νόμῳ
537 640 654 722 φύσεως
676 649 783 701 autem
807 648 952 720 regnant,
976 638 1064 720 quod
1086 646 1218 701 naturae
1249 647 1298 701 est
1319 639 1449 720 potiori-

190 745 251 808 bus
274 744 434 807 deteriora
454 743 657 807 submittere:
685 743 750 807 Cic.
774 745 813 806 R.
838 743 872 806 P.
896 745 910 805 Ι
935 758 990 822 51:
1021 744 1052 805 in
1081 743 1279 825 optimorum
1310 744 1449 806 consiliis

190 851 297 932 posita
319 858 369 912 est
390 850 555 912 civitatum
578 849 674 925 salus,
698 851 887 931 praesertim
909 870 983 912 cum
1008 848 1072 911 hoc
1094 859 1207 911 natura
1236 848 1353 924 tulerit,
1383 869 1449 912 non

191 955 297 1019 solum
320 963 355 1018 ut
377 954 494 1017 summi
516 955 634 1018 virtute
656 964 689 1018 et
711 956 818 1017 animo
840 964 1027 1036 praeessent
1048 954 1315 1040 imbecillioribus,
1339 956 1397 1017 sed
1415 964 1450 1018 ut

189 1062 222 1123 hi
245 1062 341 1123 etiam
370 1080 484 1141 parere
506 1061 639 1122 summis
665 1060 772 1124 velint.
811 1057 933 1122 -Senee
958 1079 1009 1140 ep.
1032 1077 1084 1140 90,
1106 1077 1143 1136 4:
1175 1068 1307 1122 naturae
1337 1068 1387 1122 est
1409 1094 1449 1106 -

192 1166 371 1248 potioribus
394 1165 553 1228 deteriora
571 1165 774 1228 submittere:
799 1164 896 1226 mutis
923 1165 1053 1243 quidem
1068 1164 1221 1246 gregibus
1236 1174 1292 1228 aut
1308 1167 1450 1230 maxima

193 1291 333 1352 corpora
354 1279 508 1352 praesunt
528 1278 583 1332 ant
605 1270 895 1332 vehementissima.
917 1309 955 1316 —
972 1271 1052 1332 inter
1067 1269 1214 1332 homines
1230 1290 1291 1351 pro
1307 1272 1450 1333 maximo

191 1387 241 1439 est
253 1377 421 1457 optimum.
446 1376 553 1438 animo
569 1376 676 1454 itaque
690 1385 795 1437 rector
810 1374 988 1456 eligebatur
1004 1374 1100 1455 (apud
1117 1375 1239 1455 primos
1255 1376 1448 1458 mortalium)
1469 1363 1472 1369 ⁶

192 1482 331 1562 ideoque
353 1501 480 1544 summa
502 1479 635 1542 felicitas
653 1490 722 1541 erat
744 1481 898 1559 gentium,
921 1480 953 1540 in
974 1479 1089 1558 quibus
1111 1499 1176 1541 non
1191 1490 1320 1561 poterat
1339 1490 1450 1560 poten·

191 1571 253 1650 tior
283 1607 354 1649 esse
382 1587 440 1648 nisi
468 1585 590 1649 melior.
635 1584 739 1665 Epict.
764 1585 851 1665 129,
880 1602 932 1661 14:
963 1585 998 1644 τὸ
1024 1591 1161 1664 κρεῖσσον
1183 1577 1226 1644 ἀεὶ
1249 1584 1448 1666 περιγινέσθω

191 1701 247 1754 τοῦ
265 1692 407 1775 χείρονος.
431 1689 470 1752 cf.
494 1690 539 1751 ΙΙΙ
564 1705 613 1765 22,
643 1707 711 1752 101.
736 1727 777 1736 —
800 1689 969 1770 Sapientes
991 1690 1153 1770 digniores
1176 1710 1256 1764 esse,
1280 1691 1335 1770 qui
1351 1711 1451 1771 popu·

193 1799 298 1861 lorum
320 1807 467 1878 pastores
490 1795 701 1876 appellentur,
725 1815 824 1875 quam
840 1815 942 1875 reges
960 1814 1042 1876 quos
1058 1795 1222 1857 Homerus
1239 1797 1282 1857 ita
1297 1795 1449 1876 appellet,

192 1904 278 1966 idem
300 1902 390 1964 Philo
413 1901 454 1963 de
476 1900 620 1981 agricult.
645 1901 659 1961 l
682 1901 754 1979 306,
778 1901 836 1962 nisi
859 1900 947 1979 quod
970 1920 1030 1980 pro
1057 1913 1171 1963 natura
1201 1901 1254 1961 τὸν
1282 1900 1452 1980 νομοθέτην

192 2007 369 2070 substituit:
393 2005 472 2067 οὕτω
493 2015 564 2087 γοῦν
585 2006 694 2085 σεμνὸν
716 2005 765 2064 καὶ
779 2003 929 2076 λυσιτελὲς
944 2003 1114 2083 νενόμισται
1129 2005 1165 2064 τὸ
1179 2006 1356 2082 ποιμαίνειν,
1375 2003 1451 2066 ὥστε

194 2113 230 2174 τὸ
251 2110 307 2190 μὲν
328 2112 484 2191 ποιητικὸν
505 2109 588 2192 γένος
610 2113 680 2182 τοὺς
701 2109 846 2188 βασιλέας
868 2110 1011 2188 ποιμένας
1032 2113 1114 2170 λαῶν
1137 2108 1228 2170 εἴωθε
1251 2115 1363 2188 καλεῖν,
1387 2109 1453 2171 ὅδὲ

195 2217 363 2298 νομοθέτης
384 2219 455 2289 τοὺς
477 2218 597 2300 σοφοὺς,
630 2213 662 2276 οἳ
681 2213 769 2295 μόνοι
798 2217 873 2299 πρὸς
897 2213 1047 2295 ἀλήθειαν
1067 2219 1202 2293 βασιλεῖς
1224 2213 1307 2276 εἰσιν.
1354 2215 1451 2295 Quod

196 2344 299 2405 regeS,
323 2324 376 2403 qui
399 2334 468 2386 tum
491 2330 607 2394 essent,
631 2341 671 2382 ne
691 2341 726 2382 se
749 2321 837 2402 ipsos
868 2321 998 2401 quidem
1028 2340 1140 2400 regere
1169 2340 1265 2399 posse
1295 2321 1450 2393 dicuntur,

194 2428 337 2492 similiter
360 2427 472 2490 Cicero
501 2428 542 2488 de
559 2424 625 2496 ,fin
647 2426 693 2487 ΙΙΙ
716 2440 773 2507 75:
816 2426 933 2487 rectius
956 2426 1041 2487 enim
1064 2425 1278 2506 appellabitur
1302 2425 1450 2506 (sapiens)

195 2555 262 2608 rex,
294 2553 392 2613 quam
415 2532 631 2612 Tarquinius
647 2533 701 2613 qui
730 2550 789 2592 nec
819 2551 853 2592 se
883 2551 941 2592 nec
964 2550 1040 2592 suos
1064 2551 1174 2611 regere
1197 2532 1312 2611 potuit,
1337 2530 1453 2592 rectius

133 2637 136 2641 ’
196 2639 350 2719 magister
378 2637 490 2719 populi
521 2675 561 2684 -
590 2656 688 2716 quam
715 2634 813 2710 Sulla,
845 2636 899 2716 qui
929 2637 1023 2697 trium
1050 2634 1275 2716 pestiferorum
1301 2636 1452 2697 vitiorum

194 2745 350 2817 luxuriae,
374 2743 535 2816 avaritiae,
553 2741 748 2803 crudelitatis
764 2742 920 2822 magister
943 2739 1010 2802 fuit.
1041 2752 1209 2821 praeterea
1224 2739 1262 2804 cf.
1280 2741 1390 2821 parad.
1409 2739 1451 2801 V.

281 2849 354 2910 Huc
377 2868 478 2928 usque
502 2849 532 2909 in
555 2847 737 2909 universum
760 2848 866 2909 edocti
886 2867 1006 2920 sumus,
1030 2847 1106 2925 quid
1129 2848 1169 2908 sit
1183 2846 1322 2921 libertas,
1340 2845 1475 2930 qualis,

197 2957 227 3017 in
250 2975 348 3034 quem
370 2954 473 3015 cadat.
519 2953 588 3014 lam
611 2952 641 3014 in
665 2952 755 3026 libr0,
790 2972 833 3013 ex
856 2972 922 3032 quo
944 2951 1023 3013 haec
1047 2952 1154 3013 omnia
1176 2952 1347 3032 desumpta
1370 2960 1452 3026 sunt,

197 3060 343 3141 quaestio
370 3059 495 3120 videtur
521 3057 676 3119 translata
708 3077 778 3119 esse
808 3056 849 3118 ad
876 3057 1054 3136 sapientem
1084 3056 1231 3119 fortunae
1256 3056 1454 3132 malignitate

197 3166 351 3226 servitute
380 3172 563 3224 oneratum:
599 3183 673 3224 nam
703 3163 744 3224 ad
773 3161 857 3223 hunc
888 3164 1116 3224 sententiarum
1139 3182 1260 3224 nexum
1282 3172 1347 3223 tres
1371 3181 1453 3241 quae

197 3279 374 3349 sequuntur
396 3267 617 3330 conclusiones
640 3267 685 3328 illi
706 3267 786 3329 libro
809 3267 997 3328 tribuendae
1019 3288 1079 3329 nos
1100 3268 1237 3329 ducunt:

288 3373 337 3435 »Si
369 3393 465 3452 quem
495 3373 585 3434 vides
614 3372 674 3434 sub
704 3391 823 3434 corona
845 3371 961 3445 venire,
990 3391 1068 3434 cave
1091 3373 1208 3435 idcirco
1231 3392 1304 3435 eum
1327 3392 1455 3434 servum

197 3500 268 3541 esse
290 3479 476 3541 credideris:
501 3477 712 3557 nequeenim
736 3476 900 3558 emptione
928 3486 983 3538 aut
1005 3478 1154 3540 dominus
1176 3477 1212 3540 fit
1235 3479 1270 3554 is,
1294 3478 1348 3558 qui
1368 3477 1455 3553 emit,

197 3593 254 3646 aut
276 3604 396 3658 servus
420 3583 475 3662 qui
497 3584 622 3659 emitur,
645 3602 720 3644 cum
740 3582 927 3662 saepissime
956 3581 1011 3643 filii
1037 3603 1056 3644 a
1083 3584 1227 3664 patribus
1251 3584 1454 3655 redimantur,

197 3687 308 3752 afiliis
330 3699 450 3770 patres,
473 3689 539 3749 sive
559 3708 578 3749 a
599 3686 775 3750 latronibus
798 3687 884 3767 capti
907 3686 950 3748 illi
973 3688 1039 3749 sive
1062 3688 1104 3750 ab
1126 3688 1272 3750 hostibus
1289 3688 1355 3749 iure
1370 3687 1454 3762 belli,

198 3814 281 3875 quos
303 3803 434 3856 naturae
457 3793 555 3874 leges,
579 3792 628 3854 his
651 3811 734 3871 quae
757 3792 843 3872 apud
860 3812 919 3854 nos
935 3792 1043 3854 valent
1057 3791 1224 3868 firmioreS,
1248 3792 1365 3855 liberos
1385 3813 1454 3873 pro·

197 3898 356 3960 nunciant.
402 3899 522 3960 Videre
546 3899 642 3960 etiam
673 3897 746 3959 licet
777 3895 896 3959 multos
917 3917 984 3959 rem
1007 3898 1038 3959 in
1068 3899 1263 3961 contrarium
1295 3905 1456 3960 vertentes

197 4002 347 4064 dominos
369 4002 437 4065 fieri
462 4024 574 4066 eorum
597 4004 753 4081 aquibus
775 4002 877 4082 empti
899 4012 982 4064 sunt.
1027 4001 1101 4083 Ego
1124 4004 1254 4083 quidem
1270 4003 1456 4083 saepissime

285 4260 307 4327 ¹)
324 4266 471 4316 νουθετεῖν
489 4261 521 4314 δὲ
538 4261 650 4329 μᾶλλον
667 4265 714 4312 καὶ
733 4256 868 4326 (κολάζειν
885 4261 947 4311 add.
968 4260 1125 4323 Wilamow.)
1143 4254 1225 4320 ὅσοις
1248 4255 1283 4314 ιῖν
1302 4263 1457 4314 αἴσθωνται

196 4348 302 4417 πάγαις
320 4345 420 4415 ἡδονῆς
437 4347 647 4421 ἁλισκομένους.
