<?xml version="1.0" encoding="UTF-8"?>
<!DOCTYPE html PUBLIC "-//W3C//DTD XHTML 1.0 Transitional//EN"
    "http://www.w3.org/TR/xhtml1/DTD/xhtml1-transitional.dtd">
<html xmlns="http://www.w3.org/1999/xhtml" xml:lang="en" lang="en">
 <head>
  <title>
</title>
<meta http-equiv="Content-Type" content="text/html;charset=utf-8" />
  <meta name='ocr-system' content='tesseract 3.04.00' />
  <meta name='ocr-capabilities' content='ocr_page ocr_carea ocr_par ocr_line ocrx_word'/>
</head>
<body>
  <div class='ocr_page' id='page_1' title='image "./delibroperitoup00ausfgoog_0040.png"; bbox 0 0 3276 5040; ppageno 0'>
   <div class='ocr_carea' id='block_1_1' title="bbox 712 371 920 434">
    <p class='ocr_par' dir='ltr' id='par_1_1' title="bbox 712 371 920 434">
     <span class='ocr_line' id='line_1_1' title="bbox 712 371 920 434; baseline 0.005 -35"><span class='ocrx_word' id='word_1_1' title='bbox 712 371 920 434; x_wconf 70' lang='lat'>,33-</span> 
     </span>
    </p>
   </div>
   <div class='ocr_carea' id='block_1_2' title="bbox 172 522 1452 3340">
    <p class='ocr_par' dir='ltr' id='par_1_2' title="bbox 172 522 1452 3340">
     <span class='ocr_line' id='line_1_2' title="bbox 187 522 1444 606; baseline 0.002 -20"><span class='ocrx_word' id='word_1_2' title='bbox 187 523 277 587; x_wconf 90' lang='lat' dir='ltr'>liberi</span> <span class='ocrx_word' id='word_1_3' title='bbox 298 523 484 606; x_wconf 86' lang='lat' dir='ltr'>parentibus</span> <span class='ocrx_word' id='word_1_4' title='bbox 506 523 690 598; x_wconf 89' lang='lat' dir='ltr'>oboediunt,</span> <span class='ocrx_word' id='word_1_5' title='bbox 713 523 859 605; x_wconf 91' lang='lat' dir='ltr'>discipuli</span> <span class='ocrx_word' id='word_1_6' title='bbox 881 522 1061 604; x_wconf 84' lang='lat' dir='ltr'>magistris?</span> <span class='ocrx_word' id='word_1_7' title='bbox 1093 523 1200 586; x_wconf 89' lang='lat' dir='ltr'>Nemo</span> <span class='ocrx_word' id='word_1_8' title='bbox 1226 526 1311 587; x_wconf 89' lang='lat' dir='ltr'>enim</span> <span class='ocrx_word' id='word_1_9' title='bbox 1333 525 1444 588; x_wconf 87' lang='lat' dir='ltr'><strong>libenti</strong></span> 
     </span>
     <span class='ocr_line' id='line_1_3' title="bbox 187 626 1444 713; baseline 0.001 -21"><span class='ocrx_word' id='word_1_10' title='bbox 187 631 295 693; x_wconf 92' lang='lat' dir='ltr'>animo</span> <span class='ocrx_word' id='word_1_11' title='bbox 325 631 430 691; x_wconf 85' lang='lat' dir='ltr'>servit</span> <span class='ocrx_word' id='word_1_12' title='bbox 475 626 617 692; x_wconf 89' lang='lat' dir='ltr'><strong>Omnino</strong></span> <span class='ocrx_word' id='word_1_13' title='bbox 647 638 799 711; x_wconf 86' lang='lat' dir='ltr'>parentes</span> <span class='ocrx_word' id='word_1_14' title='bbox 828 629 946 691; x_wconf 89' lang='lat' dir='ltr'>liberos</span> <span class='ocrx_word' id='word_1_15' title='bbox 976 642 1041 691; x_wconf 88' lang='lat' dir='ltr'>non</span> <span class='ocrx_word' id='word_1_16' title='bbox 1070 629 1215 692; x_wconf 83' lang='lat' dir='ltr'>iuberent</span> <span class='ocrx_word' id='word_1_17' title='bbox 1243 630 1301 692; x_wconf 86' lang='lat' dir='ltr'>sibi</span> <span class='ocrx_word' id='word_1_18' title='bbox 1323 629 1444 713; x_wconf 86' lang='lat' dir='ltr'>aliquid</span> 
     </span>
     <span class='ocr_line' id='line_1_4' title="bbox 189 733 1444 816; baseline 0.002 -20"><span class='ocrx_word' id='word_1_19' title='bbox 189 734 384 809; x_wconf 89' lang='lat' dir='ltr'>ministrare,</span> <span class='ocrx_word' id='word_1_20' title='bbox 418 734 444 795; x_wconf 90' lang='lat' dir='ltr'>si</span> <span class='ocrx_word' id='word_1_21' title='bbox 473 734 505 796; x_wconf 93' lang='lat' dir='ltr'>id</span> <span class='ocrx_word' id='word_1_22' title='bbox 534 733 694 796; x_wconf 88' lang='lat' dir='ltr'>servitutis</span> <span class='ocrx_word' id='word_1_23' title='bbox 723 742 809 796; x_wconf 84' lang='lat' dir='ltr'>esset</span> <span class='ocrx_word' id='word_1_24' title='bbox 831 734 1025 814; x_wconf 82' lang='lat' dir='ltr'>proprium«</span> <span class='ocrx_word' id='word_1_25' title='bbox 1073 734 1178 809; x_wconf 91' lang='lat' dir='ltr'>Haec,</span> <span class='ocrx_word' id='word_1_26' title='bbox 1213 736 1289 816; x_wconf 94' lang='lat' dir='ltr'>quid</span> <span class='ocrx_word' id='word_1_27' title='bbox 1319 736 1350 798; x_wconf 81' lang='lat' dir='ltr'>in</span> <span class='ocrx_word' id='word_1_28' title='bbox 1382 735 1444 799; x_wconf 90' lang='lat' dir='ltr'>hac</span> 
     </span>
     <span class='ocr_line' id='line_1_5' title="bbox 190 837 1442 921; baseline 0.001 -18"><span class='ocrx_word' id='word_1_29' title='bbox 190 840 379 920; x_wconf 86' lang='lat' dir='ltr'>quaestione</span> <span class='ocrx_word' id='word_1_30' title='bbox 408 837 467 900; x_wconf 92' lang='lat' dir='ltr'>sibi</span> <span class='ocrx_word' id='word_1_31' title='bbox 495 837 603 914; x_wconf 88' lang='lat' dir='ltr'>velint,</span> <span class='ocrx_word' id='word_1_32' title='bbox 636 859 701 900; x_wconf 94' lang='lat' dir='ltr'>non</span> <span class='ocrx_word' id='word_1_33' title='bbox 731 840 809 902; x_wconf 87' lang='lat' dir='ltr'>satis</span> <span class='ocrx_word' id='word_1_34' title='bbox 839 839 1007 920; x_wconf 85' lang='lat' dir='ltr'>perspicio.</span> <span class='ocrx_word' id='word_1_35' title='bbox 1061 837 1148 919; x_wconf 87' lang='lat' dir='ltr'>Quid</span> <span class='ocrx_word' id='word_1_36' title='bbox 1178 842 1279 916; x_wconf 91' lang='lat' dir='ltr'>enim,</span> <span class='ocrx_word' id='word_1_37' title='bbox 1311 861 1442 921; x_wconf 90' lang='lat' dir='ltr'>quaes0,</span> 
     </span>
     <span class='ocr_line' id='line_1_6' title="bbox 189 941 1444 1025; baseline 0 -16"><span class='ocrx_word' id='word_1_38' title='bbox 189 941 447 1009; x_wconf 81' lang='lat' dir='ltr'>demonstraturi</span> <span class='ocrx_word' id='word_1_39' title='bbox 469 964 533 1005; x_wconf 92' lang='lat' dir='ltr'>non</span> <span class='ocrx_word' id='word_1_40' title='bbox 556 944 783 1005; x_wconf 87' lang='lat' dir='ltr'>detrimentum</span> <span class='ocrx_word' id='word_1_41' title='bbox 808 943 912 1007; x_wconf 88' lang='lat' dir='ltr'>facere</span> <span class='ocrx_word' id='word_1_42' title='bbox 935 943 1089 1006; x_wconf 85' lang='lat' dir='ltr'>libertatis</span> <span class='ocrx_word' id='word_1_43' title='bbox 1113 965 1196 1019; x_wconf 90' lang='lat' dir='ltr'>eum,</span> <span class='ocrx_word' id='word_1_44' title='bbox 1228 947 1283 1025; x_wconf 91' lang='lat' dir='ltr'>qui</span> <span class='ocrx_word' id='word_1_45' title='bbox 1311 948 1444 1009; x_wconf 91' lang='lat' dir='ltr'>necessi·</span> 
     </span>
     <span class='ocr_line' id='line_1_7' title="bbox 189 1048 1446 1133; baseline 0.002 -21"><span class='ocrx_word' id='word_1_46' title='bbox 189 1059 256 1112; x_wconf 89' lang='lat' dir='ltr'>tate</span> <span class='ocrx_word' id='word_1_47' title='bbox 278 1057 410 1112; x_wconf 89' lang='lat' dir='ltr'>coactus</span> <span class='ocrx_word' id='word_1_48' title='bbox 431 1048 569 1121; x_wconf 85' lang='grc' dir='ltr'><strong><em>δουλικὰς</em></strong></span> <span class='ocrx_word' id='word_1_49' title='bbox 587 1050 693 1131; x_wconf 77' lang='grc' dir='ltr'><strong><em>χρείας</em></strong></span> <span class='ocrx_word' id='word_1_50' title='bbox 719 1049 853 1125; x_wconf 76' lang='grc' dir='ltr'><strong><em>ἐπιτελεῖ,</em></strong></span> <span class='ocrx_word' id='word_1_51' title='bbox 877 1050 968 1110; x_wconf 91' lang='lat' dir='ltr'>sicuti</span> <span class='ocrx_word' id='word_1_52' title='bbox 992 1048 1092 1111; x_wconf 88' lang='lat' dir='ltr'>altera</span> <span class='ocrx_word' id='word_1_53' title='bbox 1114 1070 1157 1112; x_wconf 88' lang='lat' dir='ltr'>ex</span> <span class='ocrx_word' id='word_1_54' title='bbox 1181 1060 1274 1133; x_wconf 86' lang='lat' dir='ltr'>parte</span> <span class='ocrx_word' id='word_1_55' title='bbox 1296 1053 1368 1128; x_wconf 89' lang='lat' dir='ltr'>sint,</span> <span class='ocrx_word' id='word_1_56' title='bbox 1392 1053 1446 1132; x_wconf 94' lang='lat' dir='ltr'>qui</span> 
     </span>
     <span class='ocr_line' id='line_1_8' title="bbox 190 1151 1446 1235; baseline 0.001 -17"><span class='ocrx_word' id='word_1_57' title='bbox 190 1154 294 1218; x_wconf 90' lang='lat' dir='ltr'>servili</span> <span class='ocrx_word' id='word_1_58' title='bbox 317 1155 391 1216; x_wconf 90' lang='lat' dir='ltr'>loeo</span> <span class='ocrx_word' id='word_1_59' title='bbox 406 1155 471 1215; x_wconf 89' lang='lat' dir='ltr'>nati</span> <span class='ocrx_word' id='word_1_60' title='bbox 487 1155 698 1235; x_wconf 89' lang='lat' dir='ltr'>ingenuorum</span> <span class='ocrx_word' id='word_1_61' title='bbox 719 1153 903 1216; x_wconf 92' lang='lat' dir='ltr'>muneribus</span> <span class='ocrx_word' id='word_1_62' title='bbox 919 1151 1101 1234; x_wconf 85' lang='lat' dir='ltr'>iungantur,</span> <span class='ocrx_word' id='word_1_63' title='bbox 1118 1155 1320 1219; x_wconf 92' lang='lat' dir='ltr'>nihilominus</span> <span class='ocrx_word' id='word_1_64' title='bbox 1335 1165 1446 1219; x_wconf 88' lang='lat' dir='ltr'>tamen</span> 
     </span>
     <span class='ocr_line' id='line_1_9' title="bbox 191 1256 1448 1343; baseline 0.002 -21"><span class='ocrx_word' id='word_1_65' title='bbox 191 1261 254 1323; x_wconf 91' lang='lat' dir='ltr'>sint</span> <span class='ocrx_word' id='word_1_66' title='bbox 280 1260 373 1321; x_wconf 89' lang='lat' dir='ltr'>servi.</span> <span class='ocrx_word' id='word_1_67' title='bbox 418 1258 526 1321; x_wconf 86' lang='lat' dir='ltr'>Liberi</span> <span class='ocrx_word' id='word_1_68' title='bbox 555 1261 651 1341; x_wconf 84' lang='lat' dir='ltr'>igitur</span> <span class='ocrx_word' id='word_1_69' title='bbox 677 1269 710 1321; x_wconf 93' lang='lat' dir='ltr'>et</span> <span class='ocrx_word' id='word_1_70' title='bbox 739 1260 831 1333; x_wconf 90' lang='lat' dir='ltr'>servi,</span> <span class='ocrx_word' id='word_1_71' title='bbox 863 1277 945 1337; x_wconf 92' lang='lat' dir='ltr'>quos</span> <span class='ocrx_word' id='word_1_72' title='bbox 976 1256 1124 1322; x_wconf 91' lang='lat' dir='ltr'>homines</span> <span class='ocrx_word' id='word_1_73' title='bbox 1153 1271 1277 1343; x_wconf 91' lang='lat' dir='ltr'>putant,</span> <span class='ocrx_word' id='word_1_74' title='bbox 1308 1263 1390 1325; x_wconf 92' lang='lat' dir='ltr'>inter</span> <span class='ocrx_word' id='word_1_75' title='bbox 1412 1283 1448 1325; x_wconf 90' lang='lat' dir='ltr'>se</span> 
     </span>
     <span class='ocr_line' id='line_1_10' title="bbox 172 1359 1446 1451; baseline 0.002 -24"><span class='ocrx_word' id='word_1_76' title='bbox 172 1359 407 1451; x_wconf 73' lang='lat' dir='ltr'>opponuntur,</span> <span class='ocrx_word' id='word_1_77' title='bbox 439 1385 542 1446; x_wconf 92' lang='lat' dir='ltr'>neque</span> <span class='ocrx_word' id='word_1_78' title='bbox 571 1366 746 1446; x_wconf 85' lang='lat' dir='ltr'>quidquam</span> <span class='ocrx_word' id='word_1_79' title='bbox 775 1365 837 1426; x_wconf 89' lang='lat' dir='ltr'>ista</span> <span class='ocrx_word' id='word_1_80' title='bbox 866 1364 1040 1444; x_wconf 90' lang='lat' dir='ltr'>disputatio</span> <span class='ocrx_word' id='word_1_81' title='bbox 1069 1366 1111 1426; x_wconf 91' lang='lat' dir='ltr'>ad</span> <span class='ocrx_word' id='word_1_82' title='bbox 1141 1367 1320 1447; x_wconf 89' lang='lat' dir='ltr'>sapientem</span> <span class='ocrx_word' id='word_1_83' title='bbox 1350 1367 1446 1441; x_wconf 85' lang='lat' dir='ltr'>valet,</span> 
     </span>
     <span class='ocr_line' id='line_1_11' title="bbox 191 1468 1446 1553; baseline 0.002 -21"><span class='ocrx_word' id='word_1_84' title='bbox 191 1471 279 1534; x_wconf 89' lang='lat' dir='ltr'>cuius</span> <span class='ocrx_word' id='word_1_85' title='bbox 301 1473 343 1532; x_wconf 90' lang='lat' dir='ltr'>ad</span> <span class='ocrx_word' id='word_1_86' title='bbox 365 1469 546 1532; x_wconf 86' lang='lat' dir='ltr'>libertatem</span> <span class='ocrx_word' id='word_1_87' title='bbox 568 1472 651 1532; x_wconf 87' lang='lat' dir='ltr'>sitne</span> <span class='ocrx_word' id='word_1_88' title='bbox 665 1488 777 1532; x_wconf 89' lang='lat' dir='ltr'>servus</span> <span class='ocrx_word' id='word_1_89' title='bbox 792 1471 874 1531; x_wconf 87' lang='lat' dir='ltr'>sitne</span> <span class='ocrx_word' id='word_1_90' title='bbox 888 1470 1044 1546; x_wconf 78' lang='lat' dir='ltr'>ingenuus</span> <span class='ocrx_word' id='word_1_91' title='bbox 1060 1468 1135 1532; x_wconf 91' lang='lat' dir='ltr'>nihil</span> <span class='ocrx_word' id='word_1_92' title='bbox 1150 1471 1291 1534; x_wconf 90' lang='lat' dir='ltr'>interest.</span> <span class='ocrx_word' id='word_1_93' title='bbox 1332 1473 1446 1553; x_wconf 91' lang='lat' dir='ltr'>Itaque</span> 
     </span>
     <span class='ocr_line' id='line_1_12' title="bbox 192 1574 1447 1657; baseline 0.002 -21"><span class='ocrx_word' id='word_1_94' title='bbox 192 1576 388 1640; x_wconf 83' lang='lat' dir='ltr'>removenda</span> <span class='ocrx_word' id='word_1_95' title='bbox 410 1584 460 1637; x_wconf 89' lang='lat' dir='ltr'>est</span> <span class='ocrx_word' id='word_1_96' title='bbox 481 1595 525 1637; x_wconf 89' lang='lat' dir='ltr'>ex</span> <span class='ocrx_word' id='word_1_97' title='bbox 546 1575 629 1637; x_wconf 90' lang='lat' dir='ltr'>libro</span> <span class='ocrx_word' id='word_1_98' title='bbox 651 1576 692 1637; x_wconf 89' lang='lat' dir='ltr'>de</span> <span class='ocrx_word' id='word_1_99' title='bbox 715 1574 863 1637; x_wconf 86' lang='lat' dir='ltr'>libertate</span> <span class='ocrx_word' id='word_1_100' title='bbox 892 1575 1044 1655; x_wconf 89' lang='lat' dir='ltr'>sapientis</span> <span class='ocrx_word' id='word_1_101' title='bbox 1076 1583 1174 1657; x_wconf 91' lang='lat' dir='ltr'>atque</span> <span class='ocrx_word' id='word_1_102' title='bbox 1203 1576 1393 1641; x_wconf 92' lang='lat' dir='ltr'>collocanda</span> <span class='ocrx_word' id='word_1_103' title='bbox 1416 1578 1447 1640; x_wconf 94' lang='lat' dir='ltr'>in</span> 
     </span>
     <span class='ocr_line' id='line_1_13' title="bbox 192 1676 1449 1764; baseline 0.004 -24"><span class='ocrx_word' id='word_1_104' title='bbox 192 1678 273 1742; x_wconf 91' lang='lat' dir='ltr'>libro</span> <span class='ocrx_word' id='word_1_105' title='bbox 302 1680 369 1760; x_wconf 83' lang='grc' dir='ltr'><strong><em>περὶ</em></strong></span> <span class='ocrx_word' id='word_1_106' title='bbox 399 1679 589 1761; x_wconf 71' lang='grc' dir='ltr'>ἐλευθερίας,</span> <span class='ocrx_word' id='word_1_107' title='bbox 619 1681 672 1743; x_wconf 89' lang='lat' dir='ltr'>ubi</span> <span class='ocrx_word' id='word_1_108' title='bbox 702 1689 778 1762; x_wconf 87' lang='lat' dir='ltr'>apte</span> <span class='ocrx_word' id='word_1_109' title='bbox 807 1700 880 1743; x_wconf 91' lang='lat' dir='ltr'>eam</span> <span class='ocrx_word' id='word_1_110' title='bbox 910 1680 1061 1742; x_wconf 91' lang='lat' dir='ltr'>collocari</span> <span class='ocrx_word' id='word_1_111' title='bbox 1090 1690 1123 1743; x_wconf 91' lang='lat' dir='ltr'>et</span> <span class='ocrx_word' id='word_1_112' title='bbox 1152 1676 1328 1745; x_wconf 90' lang='lat' dir='ltr'>sententiae</span> <span class='ocrx_word' id='word_1_113' title='bbox 1358 1684 1449 1764; x_wconf 88' lang='lat' dir='ltr'>ipsae</span> 
     </span>
     <span class='ocr_line' id='line_1_14' title="bbox 192 1785 1447 1866; baseline 0.004 -20"><span class='ocrx_word' id='word_1_114' title='bbox 192 1787 319 1859; x_wconf 90' lang='lat' dir='ltr'>docent,</span> <span class='ocrx_word' id='word_1_115' title='bbox 343 1795 375 1846; x_wconf 91' lang='lat' dir='ltr'>et</span> <span class='ocrx_word' id='word_1_116' title='bbox 399 1805 534 1866; x_wconf 90' lang='lat' dir='ltr'>magnus</span> <span class='ocrx_word' id='word_1_117' title='bbox 557 1787 610 1866; x_wconf 94' lang='lat' dir='ltr'>qui</span> <span class='ocrx_word' id='word_1_118' title='bbox 638 1795 687 1848; x_wconf 88' lang='lat' dir='ltr'>est</span> <span class='ocrx_word' id='word_1_119' title='bbox 716 1787 798 1848; x_wconf 88' lang='lat' dir='ltr'>inter</span> <span class='ocrx_word' id='word_1_120' title='bbox 819 1785 902 1847; x_wconf 90' lang='lat' dir='ltr'>hanc</span> <span class='ocrx_word' id='word_1_121' title='bbox 923 1786 1235 1866; x_wconf 88' lang='lat' dir='ltr'>argumentationem</span> <span class='ocrx_word' id='word_1_122' title='bbox 1261 1797 1294 1850; x_wconf 90' lang='lat' dir='ltr'>et</span> <span class='ocrx_word' id='word_1_123' title='bbox 1313 1788 1447 1851; x_wconf 86' lang='lat' dir='ltr'>Atheni·</span> 
     </span>
     <span class='ocr_line' id='line_1_15' title="bbox 192 1888 1449 1971; baseline 0.003 -19"><span class='ocrx_word' id='word_1_124' title='bbox 192 1890 314 1954; x_wconf 89' lang='lat' dir='ltr'>ensium</span> <span class='ocrx_word' id='word_1_125' title='bbox 325 1888 655 1971; x_wconf 87' lang='lat' dir='ltr'>Argonautarumque</span> <span class='ocrx_word' id='word_1_126' title='bbox 671 1890 888 1953; x_wconf 89' lang='lat' dir='ltr'>laudationem</span> <span class='ocrx_word' id='word_1_127' title='bbox 904 1908 1088 1952; x_wconf 88' lang='lat' dir='ltr'>consensus.</span> <span class='ocrx_word' id='word_1_128' title='bbox 1124 1891 1185 1953; x_wconf 90' lang='lat' dir='ltr'>Hic</span> <span class='ocrx_word' id='word_1_129' title='bbox 1196 1894 1280 1954; x_wconf 88' lang='lat' dir='ltr'>enim</span> <span class='ocrx_word' id='word_1_130' title='bbox 1293 1894 1449 1956; x_wconf 90' lang='lat' dir='ltr'>docemur</span> 
     </span>
     <span class='ocr_line' id='line_1_16' title="bbox 192 1994 1447 2077; baseline 0.006 -23"><span class='ocrx_word' id='word_1_131' title='bbox 192 1995 406 2077; x_wconf 75' lang='grc' dir='ltr'><strong><em>ὑπηρεσίας</em></strong></span> <span class='ocrx_word' id='word_1_132' title='bbox 434 2015 499 2056; x_wconf 93' lang='lat' dir='ltr'>non</span> <span class='ocrx_word' id='word_1_133' title='bbox 521 1997 668 2077; x_wconf 88' lang='lat' dir='ltr'>proprias</span> <span class='ocrx_word' id='word_1_134' title='bbox 689 2016 760 2058; x_wconf 89' lang='lat' dir='ltr'>esse</span> <span class='ocrx_word' id='word_1_135' title='bbox 775 1996 944 2070; x_wconf 87' lang='lat' dir='ltr'>servitutis,</span> <span class='ocrx_word' id='word_1_136' title='bbox 966 1994 1108 2075; x_wconf 88' lang='lat' dir='ltr'>exempli</span> <span class='ocrx_word' id='word_1_137' title='bbox 1127 1997 1231 2076; x_wconf 83' lang='lat' dir='ltr'>gratia</span> <span class='ocrx_word' id='word_1_138' title='bbox 1245 1999 1361 2061; x_wconf 88' lang='lat' dir='ltr'>milites</span> <span class='ocrx_word' id='word_1_139' title='bbox 1377 2019 1447 2061; x_wconf 92' lang='lat' dir='ltr'>esse</span> 
     </span>
     <span class='ocr_line' id='line_1_17' title="bbox 193 2095 1447 2181; baseline 0.004 -21"><span class='ocrx_word' id='word_1_140' title='bbox 193 2101 436 2181; x_wconf 80' lang='grc' dir='ltr'><strong><em>αδτοὺργους</em></strong></span> <span class='ocrx_word' id='word_1_141' title='bbox 457 2095 604 2178; x_wconf 79' lang='grc' dir='ltr'><strong><em>ἁπάντων,</em></strong></span> <span class='ocrx_word' id='word_1_142' title='bbox 636 2103 670 2161; x_wconf 84' lang='grc' dir='ltr'>οὐ</span> <span class='ocrx_word' id='word_1_143' title='bbox 691 2100 784 2179; x_wconf 89' lang='grc' dir='ltr'><strong><em>μόνον</em></strong></span> <span class='ocrx_word' id='word_1_144' title='bbox 806 2098 862 2173; x_wconf 86' lang='grc' dir='ltr'>τὰς</span> <span class='ocrx_word' id='word_1_145' title='bbox 884 2101 1049 2171; x_wconf 77' lang='grc' dir='ltr'><strong><em>πανοπλίας</em></strong></span> <span class='ocrx_word' id='word_1_146' title='bbox 1077 2099 1262 2180; x_wconf 84' lang='grc' dir='ltr'><strong><em>κομίζοντας,</em></strong></span> <span class='ocrx_word' id='word_1_147' title='bbox 1292 2100 1368 2164; x_wconf 81' lang='grc' dir='ltr'><strong><em>ἀλλὰ</em></strong></span> <span class='ocrx_word' id='word_1_148' title='bbox 1397 2105 1447 2164; x_wconf 79' lang='grc' dir='ltr'>καί</span> 
     </span>
     <span class='ocr_line' id='line_1_18' title="bbox 192 2204 1448 2289; baseline 0.002 -23"><span class='ocrx_word' id='word_1_149' title='bbox 192 2205 248 2267; x_wconf 79' lang='grc' dir='ltr'><strong><em>ὅσα</em></strong></span> <span class='ocrx_word' id='word_1_150' title='bbox 271 2205 344 2288; x_wconf 83' lang='grc' dir='ltr'><strong><em>πρὸς</em></strong></span> <span class='ocrx_word' id='word_1_151' title='bbox 366 2206 435 2284; x_wconf 83' lang='grc' dir='ltr'><strong><em>τὴν</em></strong></span> <span class='ocrx_word' id='word_1_152' title='bbox 456 2206 678 2289; x_wconf 79' lang='grc' dir='ltr'><strong><em>ἀναγκαίαν</em></strong></span> <span class='ocrx_word' id='word_1_153' title='bbox 697 2216 843 2288; x_wconf 78' lang='grc' dir='ltr'><strong><em>χρῆσιν</em></strong></span> <span class='ocrx_word' id='word_1_154' title='bbox 872 2207 1038 2287; x_wconf 75' lang='grc' dir='ltr'><strong><em>ὑποζυγίων</em></strong></span> <span class='ocrx_word' id='word_1_155' title='bbox 1059 2204 1170 2287; x_wconf 83' lang='grc' dir='ltr'><strong><em>τρόπον</em></strong></span> <span class='ocrx_word' id='word_1_156' title='bbox 1192 2206 1448 2287; x_wconf 72' lang='grc' dir='ltr'><strong><em>ε’πηχθισμίνους;</em></strong></span> 
     </span>
     <span class='ocr_line' id='line_1_19' title="bbox 193 2310 1446 2397; baseline 0.004 -24"><span class='ocrx_word' id='word_1_157' title='bbox 193 2311 225 2373; x_wconf 94' lang='lat' dir='ltr'>in</span> <span class='ocrx_word' id='word_1_158' title='bbox 239 2310 490 2374; x_wconf 90' lang='lat' dir='ltr'>Atheniensibus</span> <span class='ocrx_word' id='word_1_159' title='bbox 511 2310 669 2386; x_wconf 91' lang='lat' dir='ltr'>laudatur,</span> <span class='ocrx_word' id='word_1_160' title='bbox 687 2313 775 2392; x_wconf 92' lang='lat' dir='ltr'>quod</span> <span class='ocrx_word' id='word_1_161' title='bbox 790 2314 907 2384; x_wconf 84' lang='lat' dir='ltr'>omnia,</span> <span class='ocrx_word' id='word_1_162' title='bbox 928 2326 1011 2392; x_wconf 87' lang='lat' dir='ltr'>quae</span> <span class='ocrx_word' id='word_1_163' title='bbox 1027 2312 1069 2373; x_wconf 92' lang='lat' dir='ltr'>ad</span> <span class='ocrx_word' id='word_1_164' title='bbox 1085 2331 1240 2392; x_wconf 88' lang='lat' dir='ltr'>pompam</span> <span class='ocrx_word' id='word_1_165' title='bbox 1256 2316 1446 2397; x_wconf 89' lang='lat' dir='ltr'>pertineant,</span> 
     </span>
     <span class='ocr_line' id='line_1_20' title="bbox 190 2414 1450 2500; baseline -0.001 -22"><span class='ocrx_word' id='word_1_166' title='bbox 190 2416 253 2497; x_wconf 81' lang='lat' dir='ltr'>ipsi</span> <span class='ocrx_word' id='word_1_167' title='bbox 282 2414 408 2489; x_wconf 80' lang='lat' dir='ltr'>saciant,</span> <span class='ocrx_word' id='word_1_168' title='bbox 437 2435 549 2478; x_wconf 87' lang='lat' dir='ltr'>servos</span> <span class='ocrx_word' id='word_1_169' title='bbox 579 2436 644 2480; x_wconf 90' lang='lat' dir='ltr'>non</span> <span class='ocrx_word' id='word_1_170' title='bbox 675 2417 890 2491; x_wconf 62' lang='lat' dir='ltr'>admittentes</span> <span class='ocrx_word' id='word_1_171' title='bbox 918 2418 992 2499; x_wconf 84' lang='grc' dir='ltr'><strong><em>πρὸς</em></strong></span> <span class='ocrx_word' id='word_1_172' title='bbox 1011 2416 1144 2489; x_wconf 75' lang='grc' dir='ltr'><strong><em>εὐδοξίας</em></strong></span> <span class='ocrx_word' id='word_1_173' title='bbox 1172 2417 1222 2476; x_wconf 80' lang='grc' dir='ltr'><strong><em>καὶ</em></strong></span> <span class='ocrx_word' id='word_1_174' title='bbox 1249 2426 1348 2496; x_wconf 77' lang='grc' dir='ltr'><strong><em>τιμῆς,</em></strong></span> <span class='ocrx_word' id='word_1_175' title='bbox 1376 2416 1450 2500; x_wconf 84' lang='grc' dir='ltr'><strong><em>ὅπερ</em></strong></span> 
     </span>
     <span class='ocr_line' id='line_1_21' title="bbox 194 2519 1448 2603; baseline 0.004 -23"><span class='ocrx_word' id='word_1_176' title='bbox 194 2519 273 2597; x_wconf 76' lang='grc' dir='ltr'><strong><em>ἔστί,</em></strong></span> <span class='ocrx_word' id='word_1_177' title='bbox 310 2520 378 2598; x_wconf 84' lang='grc' dir='ltr'><strong><em>τὴν</em></strong></span> <span class='ocrx_word' id='word_1_178' title='bbox 407 2520 623 2603; x_wconf 76' lang='grc' dir='ltr'><strong><em>ὑπηρεσίαν</em></strong></span> <span class='ocrx_word' id='word_1_179' title='bbox 652 2522 822 2601; x_wconf 71' lang='grc' dir='ltr'><strong><em>τιθέμενοι,</em></strong></span> <span class='ocrx_word' id='word_1_180' title='bbox 864 2523 1077 2603; x_wconf 86' lang='lat' dir='ltr'>Argonautae</span> <span class='ocrx_word' id='word_1_181' title='bbox 1108 2521 1254 2584; x_wconf 90' lang='lat' dir='ltr'>laudibus</span> <span class='ocrx_word' id='word_1_182' title='bbox 1283 2523 1448 2601; x_wconf 86' lang='lat' dir='ltr'>tolluntur,</span> 
     </span>
     <span class='ocr_line' id='line_1_22' title="bbox 195 2625 1449 2713; baseline 0.002 -25"><span class='ocrx_word' id='word_1_183' title='bbox 195 2626 284 2706; x_wconf 88' lang='lat' dir='ltr'>quod</span> <span class='ocrx_word' id='word_1_184' title='bbox 304 2626 427 2703; x_wconf 86' lang='grc' dir='ltr'><strong><em>σὺμπαν</em></strong></span> <span class='ocrx_word' id='word_1_185' title='bbox 448 2626 607 2713; x_wconf 73' lang='grc' dir='ltr'><strong><em>ἀπέφηναν</em></strong></span> <span class='ocrx_word' id='word_1_186' title='bbox 626 2629 785 2707; x_wconf 70' lang='grc' dir='ltr'><strong><em>ἐλεύθερον</em></strong></span> <span class='ocrx_word' id='word_1_187' title='bbox 807 2630 842 2688; x_wconf 88' lang='grc' dir='ltr'><strong><em>τὸ</em></strong></span> <span class='ocrx_word' id='word_1_188' title='bbox 864 2629 1023 2710; x_wconf 78' lang='grc' dir='ltr'><strong><em>πλήρωμα,</em></strong></span> <span class='ocrx_word' id='word_1_189' title='bbox 1045 2625 1161 2707; x_wconf 72' lang='grc' dir='ltr'><strong><em>μηδένα</em></strong></span> <span class='ocrx_word' id='word_1_190' title='bbox 1174 2629 1251 2708; x_wconf 85' lang='grc' dir='ltr'><strong><em>μήτε</em></strong></span> <span class='ocrx_word' id='word_1_191' title='bbox 1271 2626 1361 2709; x_wconf 84' lang='grc' dir='ltr'><strong><em>(μηδὲ</em></strong></span> <span class='ocrx_word' id='word_1_192' title='bbox 1377 2629 1449 2691; x_wconf 86' lang='lat' dir='ltr'>scri·</span> 
     </span>
     <span class='ocr_line' id='line_1_23' title="bbox 193 2729 1451 2816; baseline 0 -23"><span class='ocrx_word' id='word_1_193' title='bbox 193 2729 346 2811; x_wconf 88' lang='lat' dir='ltr'>bendum)</span> <span class='ocrx_word' id='word_1_194' title='bbox 360 2739 422 2792; x_wconf 82' lang='grc' dir='ltr'><strong><em>τῶν</em></strong></span> <span class='ocrx_word' id='word_1_195' title='bbox 443 2733 497 2803; x_wconf 81' lang='grc' dir='ltr'>εἷς</span> <span class='ocrx_word' id='word_1_196' title='bbox 517 2734 737 2815; x_wconf 75' lang='grc' dir='ltr'><strong><em>ἀναγκαίας</em></strong></span> <span class='ocrx_word' id='word_1_197' title='bbox 758 2735 978 2815; x_wconf 74' lang='grc' dir='ltr'><strong><em>ὑπηρεσίας</em></strong></span> <span class='ocrx_word' id='word_1_198' title='bbox 999 2732 1173 2814; x_wconf 80' lang='grc' dir='ltr'><strong><em>προοίμενοι</em></strong></span> <span class='ocrx_word' id='word_1_199' title='bbox 1189 2733 1304 2810; x_wconf 80' lang='grc' dir='ltr'><strong><em>δοῦλον,</em></strong></span> <span class='ocrx_word' id='word_1_200' title='bbox 1320 2733 1451 2816; x_wconf 80' lang='grc' dir='ltr'><strong><em>ἀδελφὸν</em></strong></span> 
     </span>
     <span class='ocr_line' id='line_1_24' title="bbox 194 2833 1451 2922; baseline 0.005 -27"><span class='ocrx_word' id='word_1_201' title='bbox 194 2833 367 2917; x_wconf 70' lang='grc' dir='ltr'><strong><em>ἐλευθερίας</em></strong></span> <span class='ocrx_word' id='word_1_202' title='bbox 394 2839 639 2919; x_wconf 80' lang='grc' dir='ltr'><strong><em>αὐτουργίαν</em></strong></span> <span class='ocrx_word' id='word_1_203' title='bbox 668 2838 698 2898; x_wconf 77' lang='grc' dir='ltr'>ἓν</span> <span class='ocrx_word' id='word_1_204' title='bbox 727 2841 770 2922; x_wconf 79' lang='grc' dir='ltr'><strong><em>τῷ</em></strong></span> <span class='ocrx_word' id='word_1_205' title='bbox 798 2838 865 2900; x_wconf 82' lang='grc' dir='ltr'><strong><em>τότε</em></strong></span> <span class='ocrx_word' id='word_1_206' title='bbox 895 2837 1124 2917; x_wconf 78' lang='grc' dir='ltr'><strong><em>ἀσπασαμένων.</em></strong></span> <span class='ocrx_word' id='word_1_207' title='bbox 1177 2836 1269 2919; x_wconf 82' lang='lat' dir='ltr'>Quae</span> <span class='ocrx_word' id='word_1_208' title='bbox 1299 2838 1451 2921; x_wconf 85' lang='lat' dir='ltr'>exempla</span> 
     </span>
     <span class='ocr_line' id='line_1_25' title="bbox 194 2943 1452 3025; baseline 0.002 -21"><span class='ocrx_word' id='word_1_209' title='bbox 194 2949 263 3004; x_wconf 87' lang='lat' dir='ltr'>tam</span> <span class='ocrx_word' id='word_1_210' title='bbox 283 2951 352 3004; x_wconf 83' lang='lat' dir='ltr'>arte</span> <span class='ocrx_word' id='word_1_211' title='bbox 373 2943 547 3005; x_wconf 86' lang='lat' dir='ltr'>cohaerent</span> <span class='ocrx_word' id='word_1_212' title='bbox 569 2962 642 3005; x_wconf 91' lang='lat' dir='ltr'>cum</span> <span class='ocrx_word' id='word_1_213' title='bbox 666 2944 726 3006; x_wconf 92' lang='lat' dir='ltr'>hac</span> <span class='ocrx_word' id='word_1_214' title='bbox 748 2947 1035 3025; x_wconf 82' lang='lat' dir='ltr'>argumentatione,</span> <span class='ocrx_word' id='word_1_215' title='bbox 1060 2944 1101 3005; x_wconf 86' lang='lat' dir='ltr'>ut¹</span> <span class='ocrx_word' id='word_1_216' title='bbox 1117 2943 1205 3005; x_wconf 93' lang='lat' dir='ltr'>nullo</span> <span class='ocrx_word' id='word_1_217' title='bbox 1227 2945 1326 3006; x_wconf 91' lang='lat' dir='ltr'>modo</span> <span class='ocrx_word' id='word_1_218' title='bbox 1348 2945 1389 3008; x_wconf 90' lang='lat' dir='ltr'>ab</span> <span class='ocrx_word' id='word_1_219' title='bbox 1413 2965 1452 3007; x_wconf 89' lang='lat' dir='ltr'>ea</span> 
     </span>
     <span class='ocr_line' id='line_1_26' title="bbox 195 3048 1451 3131; baseline 0.002 -23"><span class='ocrx_word' id='word_1_220' title='bbox 195 3048 335 3127; x_wconf 88' lang='lat' dir='ltr'>separari</span> <span class='ocrx_word' id='word_1_221' title='bbox 357 3049 490 3128; x_wconf 88' lang='lat' dir='ltr'>possint,</span> <span class='ocrx_word' id='word_1_222' title='bbox 513 3068 597 3128; x_wconf 87' lang='lat' dir='ltr'>quae</span> <span class='ocrx_word' id='word_1_223' title='bbox 617 3049 695 3129; x_wconf 94' lang='lat' dir='ltr'>quid</span> <span class='ocrx_word' id='word_1_224' title='bbox 717 3049 775 3111; x_wconf 88' lang='lat' dir='ltr'>sibi</span> <span class='ocrx_word' id='word_1_225' title='bbox 803 3049 940 3112; x_wconf 90' lang='lat' dir='ltr'>voluerit</span> <span class='ocrx_word' id='word_1_226' title='bbox 962 3050 993 3111; x_wconf 92' lang='lat' dir='ltr'>in</span> <span class='ocrx_word' id='word_1_227' title='bbox 1015 3049 1071 3111; x_wconf 94' lang='lat' dir='ltr'>illo</span> <span class='ocrx_word' id='word_1_228' title='bbox 1094 3048 1175 3111; x_wconf 92' lang='lat' dir='ltr'>libro</span> <span class='ocrx_word' id='word_1_229' title='bbox 1198 3059 1273 3130; x_wconf 88' lang='lat' dir='ltr'>apte</span> <span class='ocrx_word' id='word_1_230' title='bbox 1289 3049 1451 3131; x_wconf 92' lang='lat' dir='ltr'>Euripidis</span> 
     </span>
     <span class='ocr_line' id='line_1_27' title="bbox 195 3150 435 3215; baseline 0.008 -2"><span class='ocrx_word' id='word_1_231' title='bbox 195 3150 255 3214; x_wconf 83' lang='lat' dir='ltr'>illis</span> <span class='ocrx_word' id='word_1_232' title='bbox 275 3153 435 3215; x_wconf 88' lang='lat' dir='ltr'>versibus:</span> 
     </span>
     <span class='ocr_line' id='line_1_28' title="bbox 451 3250 1089 3340; baseline -0.002 -21"><span class='ocrx_word' id='word_1_233' title='bbox 451 3259 650 3340; x_wconf 70' lang='grc' dir='ltr'><strong><em>τούλεύθερον</em></strong></span> <span class='ocrx_word' id='word_1_234' title='bbox 670 3261 728 3340; x_wconf 86' lang='grc' dir='ltr'>γὰρ</span> <span class='ocrx_word' id='word_1_235' title='bbox 751 3259 844 3337; x_wconf 82' lang='grc' dir='ltr'><strong><em>ὄνομα</em></strong></span> <span class='ocrx_word' id='word_1_236' title='bbox 866 3260 978 3332; x_wconf 87' lang='grc' dir='ltr'><strong><em>παντὸς</em></strong></span> <span class='ocrx_word' id='word_1_237' title='bbox 999 3250 1089 3336; x_wconf 67' lang='grc' dir='ltr'><strong><em>ὑπ’ξιον,</em></strong></span> 
     </span>
    </p>
   </div>
   <div class='ocr_carea' id='block_1_3' title="bbox 190 3356 1453 3974">
    <p class='ocr_par' dir='ltr' id='par_1_3' title="bbox 190 3356 1453 3974">
     <span class='ocr_line' id='line_1_29' title="bbox 453 3356 1201 3448; baseline 0.001 -26"><span class='ocrx_word' id='word_1_238' title='bbox 453 3361 509 3423; x_wconf 73' lang='grc' dir='ltr'>κᾶν</span> <span class='ocrx_word' id='word_1_239' title='bbox 530 3362 631 3446; x_wconf 72' lang='grc' dir='ltr'><strong><em>σμίκρ’</em></strong></span> <span class='ocrx_word' id='word_1_240' title='bbox 654 3362 706 3448; x_wconf 66' lang='grc' dir='ltr'>ἔχῃ</span> <span class='ocrx_word' id='word_1_241' title='bbox 728 3387 782 3442; x_wconf 79' lang='grc' dir='ltr'><strong><em>τις,</em></strong></span> <span class='ocrx_word' id='word_1_242' title='bbox 803 3356 904 3447; x_wconf 72' lang='grc' dir='ltr'><strong><em>μεγάλ’</em></strong></span> <span class='ocrx_word' id='word_1_243' title='bbox 930 3363 1005 3444; x_wconf 64' lang='grc' dir='ltr'><strong><em>ἔχειν</em></strong></span> <span class='ocrx_word' id='word_1_244' title='bbox 1027 3361 1201 3445; x_wconf 67' lang='grc' dir='ltr'><strong><em>νομιζέτωῙ)</em></strong></span> 
     </span>
     <span class='ocr_line' id='line_1_30' title="bbox 195 3467 1452 3551; baseline 0.002 -23"><span class='ocrx_word' id='word_1_245' title='bbox 195 3467 393 3548; x_wconf 90' lang='lat' dir='ltr'>exprimitur.</span> <span class='ocrx_word' id='word_1_246' title='bbox 429 3470 566 3533; x_wconf 90' lang='lat' dir='ltr'>Videtur</span> <span class='ocrx_word' id='word_1_247' title='bbox 581 3479 698 3544; x_wconf 85' lang='lat' dir='ltr'>autem,</span> <span class='ocrx_word' id='word_1_248' title='bbox 723 3480 758 3533; x_wconf 95' lang='lat' dir='ltr'>ut</span> <span class='ocrx_word' id='word_1_249' title='bbox 772 3491 847 3533; x_wconf 89' lang='lat' dir='ltr'>eum</span> <span class='ocrx_word' id='word_1_250' title='bbox 864 3471 1045 3544; x_wconf 86' lang='lat' dir='ltr'>inculcaret,</span> <span class='ocrx_word' id='word_1_251' title='bbox 1071 3476 1238 3551; x_wconf 91' lang='lat' dir='ltr'>permotus</span> <span class='ocrx_word' id='word_1_252' title='bbox 1258 3491 1329 3533; x_wconf 92' lang='lat' dir='ltr'>esse</span> <span class='ocrx_word' id='word_1_253' title='bbox 1346 3470 1452 3532; x_wconf 90' lang='lat' dir='ltr'>verbis</span> 
     </span>
     <span class='ocr_line' id='line_1_31' title="bbox 196 3571 1450 3659; baseline -0.002 -25"><span class='ocrx_word' id='word_1_254' title='bbox 196 3571 238 3654; x_wconf 91' lang='lat' dir='ltr'>(p.</span> <span class='ocrx_word' id='word_1_255' title='bbox 270 3589 334 3652; x_wconf 87' lang='grc'>449</span> <span class='ocrx_word' id='word_1_256' title='bbox 363 3574 440 3657; x_wconf 76' lang='lat' dir='ltr'>init.)</span> <span class='ocrx_word' id='word_1_257' title='bbox 481 3575 512 3636; x_wconf 72' lang='grc' dir='ltr'>οἳ</span> <span class='ocrx_word' id='word_1_258' title='bbox 543 3576 644 3637; x_wconf 77' lang='grc' dir='ltr'><strong><em>πολλοὶ</em></strong></span> <span class='ocrx_word' id='word_1_259' title='bbox 679 3577 765 3636; x_wconf 81' lang='grc' dir='ltr'><strong><em>κακοὶ</em></strong></span> <span class='ocrx_word' id='word_1_260' title='bbox 795 3585 857 3637; x_wconf 85' lang='grc' dir='ltr'><strong><em>τῶν</em></strong></span> <span class='ocrx_word' id='word_1_261' title='bbox 885 3575 1070 3659; x_wconf 79' lang='grc' dir='ltr'><strong><em>πραγμάτιον</em></strong></span> <span class='ocrx_word' id='word_1_262' title='bbox 1103 3574 1186 3646; x_wconf 77' lang='grc' dir='ltr'><strong><em>ὄντες</em></strong></span> <span class='ocrx_word' id='word_1_263' title='bbox 1219 3573 1305 3634; x_wconf 82' lang='grc' dir='ltr'><strong><em>αὑτοὶ</em></strong></span> <span class='ocrx_word' id='word_1_264' title='bbox 1339 3571 1450 3655; x_wconf 81' lang='grc' dir='ltr'><strong><em>κριταί,</em></strong></span> 
     </span>
     <span class='ocr_line' id='line_1_32' title="bbox 194 3674 1453 3762; baseline 0.002 -27"><span class='ocrx_word' id='word_1_265' title='bbox 194 3676 300 3749; x_wconf 70' lang='grc' dir='ltr'><strong><em>οἵτινες</em></strong></span> <span class='ocrx_word' id='word_1_266' title='bbox 328 3674 359 3738; x_wconf 77' lang='grc' dir='ltr'>ἐκ</span> <span class='ocrx_word' id='word_1_267' title='bbox 388 3687 449 3740; x_wconf 83' lang='grc' dir='ltr'><strong><em>τῶν</em></strong></span> <span class='ocrx_word' id='word_1_268' title='bbox 473 3687 585 3762; x_wconf 84' lang='grc' dir='ltr'><strong><em>χρειῶν</em></strong></span> <span class='ocrx_word' id='word_1_269' title='bbox 614 3676 805 3759; x_wconf 85' lang='grc' dir='ltr'><strong><em>δοκιμάζουσι</em></strong></span> <span class='ocrx_word' id='word_1_270' title='bbox 836 3682 888 3743; x_wconf 85' lang='grc' dir='ltr'><strong><em>τὸν</em></strong></span> <span class='ocrx_word' id='word_1_271' title='bbox 917 3682 1040 3759; x_wconf 83' lang='grc' dir='ltr'><strong><em>δοῦλον,</em></strong></span> <span class='ocrx_word' id='word_1_272' title='bbox 1079 3682 1120 3753; x_wconf 81' lang='grc' dir='ltr'>εἷς</span> <span class='ocrx_word' id='word_1_273' title='bbox 1151 3681 1205 3751; x_wconf 87' lang='grc' dir='ltr'>τὰς</span> <span class='ocrx_word' id='word_1_274' title='bbox 1234 3674 1453 3759; x_wconf 86' lang='grc' dir='ltr'><strong><em>ὑπηρεσίας</em></strong></span> 
     </span>
     <span class='ocr_line' id='line_1_33' title="bbox 193 3781 1452 3868; baseline -0.002 -26"><span class='ocrx_word' id='word_1_275' title='bbox 193 3782 383 3865; x_wconf 79' lang='grc' dir='ltr'><strong><em>ἀφορῶντες,</em></strong></span> <span class='ocrx_word' id='word_1_276' title='bbox 419 3784 486 3845; x_wconf 81' lang='grc' dir='ltr'><strong><em>δίον</em></strong></span> <span class='ocrx_word' id='word_1_277' title='bbox 521 3785 562 3856; x_wconf 84' lang='grc' dir='ltr'>είς</span> <span class='ocrx_word' id='word_1_278' title='bbox 589 3785 624 3846; x_wconf 82' lang='grc' dir='ltr'><strong><em>τὸ</em></strong></span> <span class='ocrx_word' id='word_1_279' title='bbox 652 3787 824 3848; x_wconf 79' lang='grc' dir='ltr'><strong><em>ἀδούλωτον</em></strong></span> <span class='ocrx_word' id='word_1_280' title='bbox 856 3782 935 3868; x_wconf 68' lang='grc' dir='ltr'><strong><em>ἦθος</em></strong></span> <span class='ocrx_word' id='word_1_281' title='bbox 964 3787 1048 3850; x_wconf 89' lang='lat' dir='ltr'>male</span> <span class='ocrx_word' id='word_1_282' title='bbox 1077 3785 1260 3857; x_wconf 88' lang='lat' dir='ltr'>intellectis,</span> <span class='ocrx_word' id='word_1_283' title='bbox 1293 3782 1335 3844; x_wconf 94' lang='lat' dir='ltr'>ibi</span> <span class='ocrx_word' id='word_1_284' title='bbox 1366 3781 1452 3842; x_wconf 92' lang='lat' dir='ltr'>enim</span> 
     </span>
     <span class='ocr_line' id='line_1_34' title="bbox 190 3883 1451 3974; baseline -0.005 -26"><span class='ocrx_word' id='word_1_285' title='bbox 190 3895 291 3970; x_wconf 78' lang='grc' dir='ltr'><strong><em>χρεῖαι</em></strong></span> <span class='ocrx_word' id='word_1_286' title='bbox 313 3899 346 3952; x_wconf 88' lang='lat' dir='ltr'>et</span> <span class='ocrx_word' id='word_1_287' title='bbox 368 3890 525 3973; x_wconf 84' lang='grc' dir='ltr'><strong><em>ὑπηρεσίαι</em></strong></span> <span class='ocrx_word' id='word_1_288' title='bbox 547 3892 683 3955; x_wconf 86' lang='lat' dir='ltr'>eandem</span> <span class='ocrx_word' id='word_1_289' title='bbox 710 3892 831 3955; x_wconf 86' lang='lat' dir='ltr'>habent</span> <span class='ocrx_word' id='word_1_290' title='bbox 858 3895 932 3968; x_wconf 89' lang='lat' dir='ltr'>vim,</span> <span class='ocrx_word' id='word_1_291' title='bbox 962 3913 1060 3974; x_wconf 89' lang='lat' dir='ltr'>quam</span> <span class='ocrx_word' id='word_1_292' title='bbox 1088 3890 1249 3953; x_wconf 73' lang='grc' dir='ltr'><strong><em>δεσποτικὰ</em></strong></span> <span class='ocrx_word' id='word_1_293' title='bbox 1278 3883 1451 3968; x_wconf 80' lang='grc' dir='ltr'><strong><em>γράμματα,</em></strong></span> 
     </span>
    </p>
   </div>
   <div class='ocr_carea' id='block_1_4' title="bbox 194 4010 396 4021">
    <p class='ocr_par' dir='ltr' id='par_1_4' title="bbox 194 4010 396 4021">
     <span class='ocr_line' id='line_1_35' title="bbox 194 4010 396 4021; baseline 0 -2"><span class='ocrx_word' id='word_1_294' title='bbox 194 4010 396 4021; x_wconf 70' lang='lat' dir='ltr'>u———--—-.</span> 
     </span>
    </p>
   </div>
   <div class='ocr_carea' id='block_1_5' title="bbox 194 4055 1452 4315">
    <p class='ocr_par' dir='ltr' id='par_1_5' title="bbox 194 4055 1452 4315">
     <span class='ocr_line' id='line_1_36' title="bbox 195 4055 1452 4130; baseline 0.002 -19"><span class='ocrx_word' id='word_1_295' title='bbox 195 4077 278 4126; x_wconf 88' lang='lat' dir='ltr'>posse,</span> <span class='ocrx_word' id='word_1_296' title='bbox 303 4079 350 4128; x_wconf 89' lang='lat' dir='ltr'>pro</span> <span class='ocrx_word' id='word_1_297' title='bbox 374 4081 425 4130; x_wconf 89' lang='lat' dir='ltr'>quo</span> <span class='ocrx_word' id='word_1_298' title='bbox 447 4064 629 4129; x_wconf 86' lang='lat' dir='ltr'>exspectaveris</span> <span class='ocrx_word' id='word_1_299' title='bbox 653 4058 731 4127; x_wconf 80' lang='grc' dir='ltr'><strong><em>ἀλλά,</em></strong></span> <span class='ocrx_word' id='word_1_300' title='bbox 755 4074 783 4115; x_wconf 93' lang='lat' dir='ltr'>ut</span> <span class='ocrx_word' id='word_1_301' title='bbox 807 4066 876 4115; x_wconf 89' lang='lat' dir='ltr'>haud</span> <span class='ocrx_word' id='word_1_302' title='bbox 898 4067 983 4124; x_wconf 89' lang='lat' dir='ltr'>sciam,</span> <span class='ocrx_word' id='word_1_303' title='bbox 1006 4083 1038 4115; x_wconf 90' lang='lat' dir='ltr'>an</span> <span class='ocrx_word' id='word_1_304' title='bbox 1062 4066 1153 4114; x_wconf 89' lang='lat' dir='ltr'>lacuna</span> <span class='ocrx_word' id='word_1_305' title='bbox 1178 4065 1208 4114; x_wconf 91' lang='lat' dir='ltr'>sit</span> <span class='ocrx_word' id='word_1_306' title='bbox 1233 4058 1367 4109; x_wconf 87' lang='lat' dir='ltr'>statuenda</span> <span class='ocrx_word' id='word_1_307' title='bbox 1384 4055 1452 4103; x_wconf 72' lang='lat' dir='ltr'>hunc</span> 
     </span>
     <span class='ocr_line' id='line_1_37' title="bbox 194 4143 1451 4225; baseline 0.003 -27"><span class='ocrx_word' id='word_1_308' title='bbox 194 4151 247 4200; x_wconf 87' lang='lat' dir='ltr'>fere</span> <span class='ocrx_word' id='word_1_309' title='bbox 258 4150 285 4199; x_wconf 91' lang='lat' dir='ltr'>in</span> <span class='ocrx_word' id='word_1_310' title='bbox 296 4153 402 4204; x_wconf 89' lang='lat' dir='ltr'>modum</span> <span class='ocrx_word' id='word_1_311' title='bbox 414 4153 553 4218; x_wconf 85' lang='lat' dir='ltr'>explenda:</span> <span class='ocrx_word' id='word_1_312' title='bbox 571 4149 651 4219; x_wconf 78' lang='grc' dir='ltr'><strong><em>[ἀλλὰ</em></strong></span> <span class='ocrx_word' id='word_1_313' title='bbox 665 4150 714 4206; x_wconf 77' lang='grc' dir='ltr'><strong><em>τὸν</em></strong></span> <span class='ocrx_word' id='word_1_314' title='bbox 726 4152 857 4213; x_wconf 73' lang='grc' dir='ltr'><strong><em>δουλικὸς</em></strong></span> <span class='ocrx_word' id='word_1_315' title='bbox 866 4157 962 4225; x_wconf 81' lang='grc' dir='ltr'><strong><em>χρείας</em></strong></span> <span class='ocrx_word' id='word_1_316' title='bbox 973 4153 1151 4207; x_wconf 74' lang='grc' dir='ltr'><strong><em>ἐπιτελοῦντα</em></strong></span> <span class='ocrx_word' id='word_1_317' title='bbox 1164 4149 1313 4204; x_wconf 81' lang='grc' dir='ltr'><strong><em>ὑπακούειν</em></strong></span> <span class='ocrx_word' id='word_1_318' title='bbox 1323 4143 1451 4219; x_wconf 58' lang='lat' dir='ltr'>didym]</span> 
     </span>
     <span class='ocr_line' id='line_1_38' title="bbox 194 4237 1010 4315; baseline 0.007 -26"><span class='ocrx_word' id='word_1_319' title='bbox 194 4240 233 4307; x_wconf 80' lang='grc' dir='ltr'><strong><em>τῷ</em></strong></span> <span class='ocrx_word' id='word_1_320' title='bbox 251 4237 282 4291; x_wconf 79' lang='grc' dir='ltr'>δὲ</span> <span class='ocrx_word' id='word_1_321' title='bbox 301 4239 453 4296; x_wconf 82' lang='grc' dir='ltr'><strong><em>ὑπακούειν</em></strong></span> <span class='ocrx_word' id='word_1_322' title='bbox 471 4243 572 4311; x_wconf 80' lang='grc' dir='ltr'><strong><em>ἑτέρων</em></strong></span> <span class='ocrx_word' id='word_1_323' title='bbox 588 4238 638 4310; x_wconf 78' lang='grc' dir='ltr'><strong><em>τὴν</em></strong></span> <span class='ocrx_word' id='word_1_324' title='bbox 652 4241 819 4312; x_wconf 71' lang='grc' dir='ltr'><strong><em>ἐλευθερίου</em></strong></span> <span class='ocrx_word' id='word_1_325' title='bbox 838 4239 1010 4315; x_wconf 76' lang='grc' dir='ltr'><strong><em>ὑφαιρεῖται.</em></strong></span> 
     </span>
    </p>
   </div>
   <div class='ocr_carea' id='block_1_6' title="bbox 247 4328 1248 4479">
    <p class='ocr_par' dir='ltr' id='par_1_6' title="bbox 247 4328 1248 4479">
     <span class='ocr_line' id='line_1_39' title="bbox 282 4328 1094 4399; baseline 0 -18"><span class='ocrx_word' id='word_1_326' title='bbox 282 4328 304 4395; x_wconf 85' lang='grc' dir='ltr'>Ῑ)</span> <span class='ocrx_word' id='word_1_327' title='bbox 323 4333 362 4381; x_wconf 85' lang='lat' dir='ltr'>Ex</span> <span class='ocrx_word' id='word_1_328' title='bbox 380 4335 464 4399; x_wconf 86' lang='lat' dir='ltr'>Auga,</span> <span class='ocrx_word' id='word_1_329' title='bbox 485 4336 516 4385; x_wconf 88' lang='lat' dir='ltr'>cl.</span> <span class='ocrx_word' id='word_1_330' title='bbox 535 4335 607 4384; x_wconf 88' lang='lat' dir='ltr'>Stob.</span> <span class='ocrx_word' id='word_1_331' title='bbox 627 4334 716 4382; x_wconf 88' lang='lat' dir='ltr'>Floril.</span> <span class='ocrx_word' id='word_1_332' title='bbox 735 4347 777 4396; x_wconf 85' lang='lat'>49,</span> <span class='ocrx_word' id='word_1_333' title='bbox 799 4348 822 4398; x_wconf 88' lang='lat'>3.</span> <span class='ocrx_word' id='word_1_334' title='bbox 858 4335 949 4383; x_wconf 86' lang='lat' dir='ltr'>Nauck</span> <span class='ocrx_word' id='word_1_335' title='bbox 966 4334 1015 4398; x_wconf 86' lang='lat' dir='ltr'>frg.</span> <span class='ocrx_word' id='word_1_336' title='bbox 1037 4342 1094 4393; x_wconf 87' lang='lat'>277.</span> 
     </span>
     <span class='ocr_line' id='line_1_40' title="bbox 247 4421 1248 4479; baseline 0.005 -18"><span class='ocrx_word' id='word_1_337' title='bbox 247 4421 391 4467; x_wconf 83' lang='lat' dir='ltr'>Ausleld.·</span> <span class='ocrx_word' id='word_1_338' title='bbox 1233 4430 1248 4479; x_wconf 85' lang='lat'>3</span> 
     </span>
    </p>
   </div>
   <div class='ocr_carea' id='block_1_7' title="bbox 0 0 1652 5040">
    <p class='ocr_par' dir='ltr' id='par_1_7' title="bbox 0 0 1652 5040">
     <span class='ocr_line' id='line_1_41' title="bbox 0 0 1652 5040; baseline 0 0"><span class='ocrx_word' id='word_1_339' title='bbox 0 0 1652 5040; x_wconf 95' lang='lat' dir='ltr'> </span> 
     </span>
    </p>
   </div>
  </div>
 </body>
</html>
