<?xml version="1.0" encoding="UTF-8"?>
<!DOCTYPE html PUBLIC "-//W3C//DTD XHTML 1.0 Transitional//EN"
    "http://www.w3.org/TR/xhtml1/DTD/xhtml1-transitional.dtd">
<html xmlns="http://www.w3.org/1999/xhtml" xml:lang="en" lang="en">
 <head>
  <title>
</title>
<meta http-equiv="Content-Type" content="text/html;charset=utf-8" />
  <meta name='ocr-system' content='tesseract 3.04.00' />
  <meta name='ocr-capabilities' content='ocr_page ocr_carea ocr_par ocr_line ocrx_word'/>
</head>
<body>
  <div class='ocr_page' id='page_1' title='image "./delibroperitoup00ausfgoog_0038.png"; bbox 0 0 3276 5040; ppageno 0'>
   <div class='ocr_carea' id='block_1_1' title="bbox 709 339 922 402">
    <p class='ocr_par' dir='ltr' id='par_1_1' title="bbox 709 339 922 402">
     <span class='ocr_line' id='line_1_1' title="bbox 709 339 922 402; baseline 0 -34"><span class='ocrx_word' id='word_1_1' title='bbox 709 339 922 402; x_wconf 47' lang='grc'>..31-</span> 
     </span>
    </p>
   </div>
   <div class='ocr_carea' id='block_1_2' title="bbox 108 490 1496 3508">
    <p class='ocr_par' dir='ltr' id='par_1_2' title="bbox 108 490 1496 3508">
     <span class='ocr_line' id='line_1_2' title="bbox 189 490 1443 574; baseline 0.004 -25"><span class='ocrx_word' id='word_1_2' title='bbox 189 508 286 570; x_wconf 89' lang='lat' dir='ltr'>quem</span> <span class='ocrx_word' id='word_1_3' title='bbox 310 491 465 569; x_wconf 77' lang='lat' dir='ltr'>quaestio,</span> <span class='ocrx_word' id='word_1_4' title='bbox 489 490 671 554; x_wconf 89' lang='lat' dir='ltr'>revocanda</span> <span class='ocrx_word' id='word_1_5' title='bbox 693 498 751 553; x_wconf 89' lang='lat' dir='ltr'>est.</span> <span class='ocrx_word' id='word_1_6' title='bbox 796 492 885 573; x_wconf 90' lang='lat' dir='ltr'>Ergo</span> <span class='ocrx_word' id='word_1_7' title='bbox 900 493 997 555; x_wconf 85' lang='lat' dir='ltr'>etiam</span> <span class='ocrx_word' id='word_1_8' title='bbox 1013 493 1174 574; x_wconf 85' lang='lat' dir='ltr'>exempla,</span> <span class='ocrx_word' id='word_1_9' title='bbox 1194 513 1277 573; x_wconf 88' lang='lat' dir='ltr'>quae</span> <span class='ocrx_word' id='word_1_10' title='bbox 1293 492 1443 574; x_wconf 85' lang='lat' dir='ltr'><strong>proxime</strong></span> 
     </span>
     <span class='ocr_line' id='line_1_3' title="bbox 189 589 1496 678; baseline 0.002 -23"><span class='ocrx_word' id='word_1_11' title='bbox 189 613 263 657; x_wconf 89' lang='lat' dir='ltr'>eam</span> <span class='ocrx_word' id='word_1_12' title='bbox 288 603 473 674; x_wconf 87' lang='lat' dir='ltr'>sequuntur,</span> <span class='ocrx_word' id='word_1_13' title='bbox 497 605 532 658; x_wconf 90' lang='lat' dir='ltr'>ut</span> <span class='ocrx_word' id='word_1_14' title='bbox 555 595 612 670; x_wconf 89' lang='lat' dir='ltr'>his,</span> <span class='ocrx_word' id='word_1_15' title='bbox 637 615 720 675; x_wconf 91' lang='lat' dir='ltr'>quae</span> <span class='ocrx_word' id='word_1_16' title='bbox 744 605 873 668; x_wconf 86' lang='lat' dir='ltr'>restant,</span> <span class='ocrx_word' id='word_1_17' title='bbox 897 597 1055 678; x_wconf 87' lang='lat' dir='ltr'>exemplis</span> <span class='ocrx_word' id='word_1_18' title='bbox 1071 597 1150 660; x_wconf 93' lang='lat' dir='ltr'>alius</span> <span class='ocrx_word' id='word_1_19' title='bbox 1166 596 1238 662; x_wconf 85' lang='lat' dir='ltr'>sons</span> <span class='ocrx_word' id='word_1_20' title='bbox 1255 597 1444 660; x_wconf 89' lang='lat' dir='ltr'>statuendus</span> <span class='ocrx_word' id='word_1_21' title='bbox 1492 589 1496 595; x_wconf 70' lang='grc'><strong>’</strong></span> 
     </span>
     <span class='ocr_line' id='line_1_4' title="bbox 187 696 1443 784; baseline 0.003 -24"><span class='ocrx_word' id='word_1_22' title='bbox 187 699 237 762; x_wconf 88' lang='lat' dir='ltr'>sit.</span> <span class='ocrx_word' id='word_1_23' title='bbox 283 696 477 782; x_wconf 85' lang='lat' dir='ltr'><strong>Quanquam</strong></span> <span class='ocrx_word' id='word_1_24' title='bbox 507 701 644 763; x_wconf 89' lang='lat' dir='ltr'>Zenonis</span> <span class='ocrx_word' id='word_1_25' title='bbox 675 701 805 782; x_wconf 93' lang='lat' dir='ltr'>quidem</span> <span class='ocrx_word' id='word_1_26' title='bbox 838 709 871 764; x_wconf 92' lang='lat' dir='ltr'>et</span> <span class='ocrx_word' id='word_1_27' title='bbox 892 700 1080 764; x_wconf 86' lang='lat' dir='ltr'>Anaxarchi</span> <span class='ocrx_word' id='word_1_28' title='bbox 1109 702 1192 765; x_wconf 90' lang='lat' dir='ltr'>adeo</span> <span class='ocrx_word' id='word_1_29' title='bbox 1221 702 1353 784; x_wconf 89' lang='lat' dir='ltr'>vigebat</span> <span class='ocrx_word' id='word_1_30' title='bbox 1380 722 1443 765; x_wconf 91' lang='lat' dir='ltr'>me·</span> 
     </span>
     <span class='ocr_line' id='line_1_5' title="bbox 188 802 1442 887; baseline 0.004 -23"><span class='ocrx_word' id='word_1_31' title='bbox 188 802 289 865; x_wconf 90' lang='lat' dir='ltr'>moria</span> <span class='ocrx_word' id='word_1_32' title='bbox 298 804 343 883; x_wconf 86' lang='lat'>¹),</span> <span class='ocrx_word' id='word_1_33' title='bbox 376 821 412 867; x_wconf 94' lang='lat' dir='ltr'>ut</span> <span class='ocrx_word' id='word_1_34' title='bbox 436 803 522 867; x_wconf 90' lang='lat' dir='ltr'>haud</span> <span class='ocrx_word' id='word_1_35' title='bbox 552 807 651 868; x_wconf 89' lang='lat' dir='ltr'>sciam</span> <span class='ocrx_word' id='word_1_36' title='bbox 681 827 721 868; x_wconf 95' lang='lat' dir='ltr'>an</span> <span class='ocrx_word' id='word_1_37' title='bbox 750 826 815 867; x_wconf 94' lang='lat' dir='ltr'>non</span> <span class='ocrx_word' id='word_1_38' title='bbox 842 807 883 869; x_wconf 87' lang='lat' dir='ltr'>sit</span> <span class='ocrx_word' id='word_1_39' title='bbox 912 827 995 887; x_wconf 94' lang='lat' dir='ltr'>opus</span> <span class='ocrx_word' id='word_1_40' title='bbox 1024 816 1113 869; x_wconf 89' lang='lat' dir='ltr'>certo</span> <span class='ocrx_word' id='word_1_41' title='bbox 1144 805 1241 871; x_wconf 80' lang='lat' dir='ltr'>fonte.</span> <span class='ocrx_word' id='word_1_42' title='bbox 1286 807 1442 887; x_wconf 86' lang='lat' dir='ltr'><strong>Diogenis</strong></span> 
     </span>
     <span class='ocr_line' id='line_1_6' title="bbox 187 906 1442 993; baseline 0.005 -25"><span class='ocrx_word' id='word_1_43' title='bbox 187 914 305 981; x_wconf 90' lang='lat' dir='ltr'>autem,</span> <span class='ocrx_word' id='word_1_44' title='bbox 338 906 511 986; x_wconf 85' lang='lat' dir='ltr'>Chaereae,</span> <span class='ocrx_word' id='word_1_45' title='bbox 541 910 715 986; x_wconf 86' lang='lat' dir='ltr'>Theodori,</span> <span class='ocrx_word' id='word_1_46' title='bbox 746 911 867 973; x_wconf 86' lang='lat' dir='ltr'>Biantis</span> <span class='ocrx_word' id='word_1_47' title='bbox 889 911 983 985; x_wconf 87' lang='lat' dir='ltr'>dicta,</span> <span class='ocrx_word' id='word_1_48' title='bbox 1007 926 1080 975; x_wconf 90' lang='lat' dir='ltr'>cum</span> <span class='ocrx_word' id='word_1_49' title='bbox 1110 911 1141 973; x_wconf 93' lang='lat' dir='ltr'>in</span> <span class='ocrx_word' id='word_1_50' title='bbox 1171 933 1234 974; x_wconf 92' lang='lat' dir='ltr'>una</span> <span class='ocrx_word' id='word_1_51' title='bbox 1263 912 1442 993; x_wconf 89' lang='lat' dir='ltr'>eademque</span> 
     </span>
     <span class='ocr_line' id='line_1_7' title="bbox 188 1016 1442 1103; baseline 0.004 -30"><span class='ocrx_word' id='word_1_52' title='bbox 188 1032 221 1074; x_wconf 90' lang='lat' dir='ltr'>re</span> <span class='ocrx_word' id='word_1_53' title='bbox 243 1022 418 1090; x_wconf 89' lang='lat' dir='ltr'>versentur,</span> <span class='ocrx_word' id='word_1_54' title='bbox 442 1016 474 1078; x_wconf 90' lang='lat' dir='ltr'>in</span> <span class='ocrx_word' id='word_1_55' title='bbox 495 1016 648 1103; x_wconf 71' lang='grc' dir='ltr'><em>παρρησίᾳ</em></span> <span class='ocrx_word' id='word_1_56' title='bbox 670 1016 823 1103; x_wconf 83' lang='lat' dir='ltr'>adversus</span> <span class='ocrx_word' id='word_1_57' title='bbox 846 1021 1044 1098; x_wconf 87' lang='lat' dir='ltr'>potentiores</span> <span class='ocrx_word' id='word_1_58' title='bbox 1067 1019 1270 1098; x_wconf 86' lang='lat' dir='ltr'>praestanda,</span> <span class='ocrx_word' id='word_1_59' title='bbox 1292 1037 1335 1078; x_wconf 87' lang='lat' dir='ltr'>ex</span> <span class='ocrx_word' id='word_1_60' title='bbox 1357 1016 1442 1078; x_wconf 92' lang='lat' dir='ltr'>libro</span> 
     </span>
     <span class='ocr_line' id='line_1_8' title="bbox 187 1118 1442 1201; baseline 0.004 -22"><span class='ocrx_word' id='word_1_61' title='bbox 187 1118 296 1198; x_wconf 91' lang='lat' dir='ltr'>aliquo</span> <span class='ocrx_word' id='word_1_62' title='bbox 320 1119 492 1201; x_wconf 88' lang='lat' dir='ltr'>desumpta</span> <span class='ocrx_word' id='word_1_63' title='bbox 512 1141 584 1183; x_wconf 89' lang='lat' dir='ltr'>esse</span> <span class='ocrx_word' id='word_1_64' title='bbox 605 1123 760 1195; x_wconf 89' lang='lat' dir='ltr'>videntur,</span> <span class='ocrx_word' id='word_1_65' title='bbox 785 1141 850 1200; x_wconf 93' lang='lat' dir='ltr'>quo</span> <span class='ocrx_word' id='word_1_66' title='bbox 873 1121 940 1186; x_wconf 89' lang='lat' dir='ltr'>eius</span> <span class='ocrx_word' id='word_1_67' title='bbox 963 1123 1051 1184; x_wconf 93' lang='lat' dir='ltr'>modi</span> <span class='ocrx_word' id='word_1_68' title='bbox 1074 1120 1176 1185; x_wconf 80' lang='lat' dir='ltr'>facete</span> <span class='ocrx_word' id='word_1_69' title='bbox 1199 1122 1284 1185; x_wconf 92' lang='lat' dir='ltr'>dicta</span> <span class='ocrx_word' id='word_1_70' title='bbox 1306 1120 1442 1184; x_wconf 87' lang='lat' dir='ltr'>collecta</span> 
     </span>
     <span class='ocr_line' id='line_1_9' title="bbox 189 1222 1443 1312; baseline 0.002 -27"><span class='ocrx_word' id='word_1_71' title='bbox 189 1232 289 1287; x_wconf 88' lang='lat' dir='ltr'>erant.</span> <span class='ocrx_word' id='word_1_72' title='bbox 305 1260 347 1270; x_wconf 97' lang='lat'>—</span> <span class='ocrx_word' id='word_1_73' title='bbox 369 1222 462 1305; x_wconf 82' lang='lat' dir='ltr'>Quae</span> <span class='ocrx_word' id='word_1_74' title='bbox 478 1225 518 1288; x_wconf 94' lang='lat' dir='ltr'>de</span> <span class='ocrx_word' id='word_1_75' title='bbox 534 1227 682 1308; x_wconf 84' lang='lat' dir='ltr'>Diogene</span> <span class='ocrx_word' id='word_1_76' title='bbox 698 1233 873 1312; x_wconf 85' lang='lat' dir='ltr'>narrantur,</span> <span class='ocrx_word' id='word_1_77' title='bbox 890 1225 1005 1287; x_wconf 92' lang='lat' dir='ltr'>eadem</span> <span class='ocrx_word' id='word_1_78' title='bbox 1020 1237 1149 1308; x_wconf 92' lang='lat' dir='ltr'>praeter</span> <span class='ocrx_word' id='word_1_79' title='bbox 1163 1227 1240 1289; x_wconf 96' lang='lat' dir='ltr'>illud</span> <span class='ocrx_word' id='word_1_80' title='bbox 1258 1228 1298 1289; x_wconf 93' lang='lat' dir='ltr'>de</span> <span class='ocrx_word' id='word_1_81' title='bbox 1313 1226 1443 1289; x_wconf 90' lang='lat' dir='ltr'>homine</span> 
     </span>
     <span class='ocr_line' id='line_1_10' title="bbox 116 1328 1443 1422; baseline 0.002 -32"><span class='ocrx_word' id='word_1_82' title='bbox 116 1418 118 1422; x_wconf 23' lang='grc' dir='ltr'>Ι</span> <span class='ocrx_word' id='word_1_83' title='bbox 190 1328 336 1392; x_wconf 82' lang='lat' dir='ltr'>muliebri</span> <span class='ocrx_word' id='word_1_84' title='bbox 359 1329 474 1392; x_wconf 92' lang='lat' dir='ltr'>morbo</span> <span class='ocrx_word' id='word_1_85' title='bbox 497 1342 658 1412; x_wconf 91' lang='lat' dir='ltr'>occupato</span> <span class='ocrx_word' id='word_1_86' title='bbox 681 1330 835 1412; x_wconf 75' lang='lat' dir='ltr'>dictum2)</span> <span class='ocrx_word' id='word_1_87' title='bbox 860 1329 997 1393; x_wconf 86' lang='lat' dir='ltr'>Cratetis</span> <span class='ocrx_word' id='word_1_88' title='bbox 1020 1352 1071 1412; x_wconf 91' lang='lat' dir='ltr'>ep.</span> <span class='ocrx_word' id='word_1_89' title='bbox 1096 1331 1182 1412; x_wconf 79' lang='lat'><strong>34⁸),</strong></span> <span class='ocrx_word' id='word_1_90' title='bbox 1200 1332 1298 1413; x_wconf 94' lang='lat' dir='ltr'>paulo</span> <span class='ocrx_word' id='word_1_91' title='bbox 1314 1330 1443 1393; x_wconf 91' lang='lat' dir='ltr'>brevius</span> 
     </span>
     <span class='ocr_line' id='line_1_11' title="bbox 189 1433 1443 1522; baseline 0.001 -27"><span class='ocrx_word' id='word_1_92' title='bbox 189 1434 276 1514; x_wconf 93' lang='lat' dir='ltr'>apud</span> <span class='ocrx_word' id='word_1_93' title='bbox 298 1434 483 1513; x_wconf 87' lang='lat' dir='ltr'>Epictetum</span> <span class='ocrx_word' id='word_1_94' title='bbox 506 1435 555 1498; x_wconf 91' lang='lat' dir='ltr'>IV</span> <span class='ocrx_word' id='word_1_95' title='bbox 583 1454 608 1512; x_wconf 89' lang='lat'>1,</span> <span class='ocrx_word' id='word_1_96' title='bbox 637 1453 695 1513; x_wconf 84' lang='lat'>114</span> <span class='ocrx_word' id='word_1_97' title='bbox 717 1456 808 1517; x_wconf 91' lang='lat' dir='ltr'>seqq.</span> <span class='ocrx_word' id='word_1_98' title='bbox 831 1434 870 1500; x_wconf 86' lang='lat' dir='ltr'>cs.</span> <span class='ocrx_word' id='word_1_99' title='bbox 894 1433 1026 1499; x_wconf 87' lang='lat' dir='ltr'>Stobaei</span> <span class='ocrx_word' id='word_1_100' title='bbox 1048 1435 1139 1498; x_wconf 86' lang='lat' dir='ltr'>florii.</span> <span class='ocrx_word' id='word_1_101' title='bbox 1162 1437 1206 1498; x_wconf 93' lang='lat' dir='ltr'>Ill</span> <span class='ocrx_word' id='word_1_102' title='bbox 1224 1437 1265 1516; x_wconf 86' lang='lat'>63</span> <span class='ocrx_word' id='word_1_103' title='bbox 1288 1476 1327 1484; x_wconf 91' lang='lat'><em>-</em></span> <span class='ocrx_word' id='word_1_104' title='bbox 1344 1434 1443 1522; x_wconf 88' lang='lat' dir='ltr'>Chae·</span> 
     </span>
     <span class='ocr_line' id='line_1_12' title="bbox 189 1535 1443 1621; baseline 0.002 -21"><span class='ocrx_word' id='word_1_105' title='bbox 189 1559 262 1601; x_wconf 86' lang='lat' dir='ltr'>reae</span> <span class='ocrx_word' id='word_1_106' title='bbox 285 1539 362 1602; x_wconf 93' lang='lat' dir='ltr'>illud</span> <span class='ocrx_word' id='word_1_107' title='bbox 384 1537 597 1621; x_wconf 74' lang='grc' dir='ltr'><em>Αἰγυπτίοισιν</em></span> <span class='ocrx_word' id='word_1_108' title='bbox 619 1535 727 1602; x_wconf 72' lang='lat' dir='ltr'>limone</span> <span class='ocrx_word' id='word_1_109' title='bbox 750 1565 776 1601; x_wconf 92' lang='grc' dir='ltr'>κ.</span> <span class='ocrx_word' id='word_1_110' title='bbox 793 1564 819 1608; x_wconf 85' lang='grc' dir='ltr'><em>ν,</em></span> <span class='ocrx_word' id='word_1_111' title='bbox 837 1544 863 1601; x_wconf 84' lang='grc' dir='ltr'>λ.</span> <span class='ocrx_word' id='word_1_112' title='bbox 886 1539 947 1614; x_wconf 82' lang='lat' dir='ltr'>hic,</span> <span class='ocrx_word' id='word_1_113' title='bbox 971 1550 1126 1620; x_wconf 90' lang='lat' dir='ltr'>quantum</span> <span class='ocrx_word' id='word_1_114' title='bbox 1142 1543 1218 1616; x_wconf 90' lang='lat' dir='ltr'>sci0‚</span> <span class='ocrx_word' id='word_1_115' title='bbox 1235 1562 1315 1604; x_wconf 92' lang='lat' dir='ltr'>unus</span> <span class='ocrx_word' id='word_1_116' title='bbox 1335 1540 1443 1602; x_wconf 91' lang='lat' dir='ltr'>tradit.</span> 
     </span>
     <span class='ocr_line' id='line_1_13' title="bbox 108 1643 1444 1728; baseline 0.001 -23"><span class='ocrx_word' id='word_1_117' title='bbox 108 1647 111 1653; x_wconf 85' lang='lat'>&#39;</span> <span class='ocrx_word' id='word_1_118' title='bbox 190 1643 400 1706; x_wconf 90' lang='lat' dir='ltr'>Theodorum</span> <span class='ocrx_word' id='word_1_119' title='bbox 429 1646 496 1726; x_wconf 91' lang='lat' dir='ltr'>regi</span> <span class='ocrx_word' id='word_1_120' title='bbox 518 1646 733 1725; x_wconf 87' lang='lat' dir='ltr'>Lysimacho,</span> <span class='ocrx_word' id='word_1_121' title='bbox 763 1667 819 1708; x_wconf 89' lang='lat' dir='ltr'>cur</span> <span class='ocrx_word' id='word_1_122' title='bbox 841 1646 974 1725; x_wconf 89' lang='lat' dir='ltr'>Cyrenis</span> <span class='ocrx_word' id='word_1_123' title='bbox 1004 1646 1160 1728; x_wconf 87' lang='lat' dir='ltr'>expulsus</span> <span class='ocrx_word' id='word_1_124' title='bbox 1189 1655 1283 1721; x_wconf 89' lang='lat' dir='ltr'>esset,</span> <span class='ocrx_word' id='word_1_125' title='bbox 1315 1647 1444 1708; x_wconf 92' lang='lat' dir='ltr'>interro·</span> 
     </span>
     <span class='ocr_line' id='line_1_14' title="bbox 188 1749 1442 1832; baseline -0.001 -21"><span class='ocrx_word' id='word_1_126' title='bbox 188 1750 277 1829; x_wconf 91' lang='lat' dir='ltr'>ganti</span> <span class='ocrx_word' id='word_1_127' title='bbox 300 1751 512 1830; x_wconf 89' lang='lat' dir='ltr'>respondisse,</span> <span class='ocrx_word' id='word_1_128' title='bbox 535 1751 620 1813; x_wconf 84' lang='lat' dir='ltr'>idern</span> <span class='ocrx_word' id='word_1_129' title='bbox 643 1751 700 1814; x_wconf 91' lang='lat' dir='ltr'>sibi</span> <span class='ocrx_word' id='word_1_130' title='bbox 727 1751 899 1832; x_wconf 87' lang='lat' dir='ltr'>contigisse</span> <span class='ocrx_word' id='word_1_131' title='bbox 931 1750 1019 1830; x_wconf 92' lang='lat' dir='ltr'>quod</span> <span class='ocrx_word' id='word_1_132' title='bbox 1042 1752 1171 1814; x_wconf 89' lang='lat' dir='ltr'>Baccho</span> <span class='ocrx_word' id='word_1_133' title='bbox 1193 1749 1338 1813; x_wconf 88' lang='lat' dir='ltr'>Semeles</span> <span class='ocrx_word' id='word_1_134' title='bbox 1367 1749 1442 1822; x_wconf 87' lang='lat' dir='ltr'>filio,</span> 
     </span>
     <span class='ocr_line' id='line_1_15' title="bbox 189 1854 1444 1936; baseline -0.001 -21"><span class='ocrx_word' id='word_1_135' title='bbox 189 1854 286 1916; x_wconf 91' lang='lat' dir='ltr'>etiam</span> <span class='ocrx_word' id='word_1_136' title='bbox 301 1854 489 1917; x_wconf 90' lang='lat' dir='ltr'>Plutarchus</span> <span class='ocrx_word' id='word_1_137' title='bbox 511 1857 552 1918; x_wconf 92' lang='lat' dir='ltr'>de</span> <span class='ocrx_word' id='word_1_138' title='bbox 575 1856 649 1919; x_wconf 89' lang='lat' dir='ltr'>exil.</span> <span class='ocrx_word' id='word_1_139' title='bbox 670 1856 708 1918; x_wconf 90' lang='lat'>16</span> <span class='ocrx_word' id='word_1_140' title='bbox 730 1866 846 1931; x_wconf 89' lang='lat' dir='ltr'>narrat,</span> <span class='ocrx_word' id='word_1_141' title='bbox 867 1857 953 1936; x_wconf 93' lang='lat' dir='ltr'>apud</span> <span class='ocrx_word' id='word_1_142' title='bbox 968 1856 1152 1936; x_wconf 85' lang='lat' dir='ltr'>Diogenem</span> <span class='ocrx_word' id='word_1_143' title='bbox 1168 1856 1253 1918; x_wconf 89' lang='lat' dir='ltr'>idem</span> <span class='ocrx_word' id='word_1_144' title='bbox 1269 1854 1444 1935; x_wconf 90' lang='lat' dir='ltr'>respondet</span> 
     </span>
     <span class='ocr_line' id='line_1_16' title="bbox 190 1959 1444 2043; baseline 0 -23"><span class='ocrx_word' id='word_1_145' title='bbox 190 1959 396 2040; x_wconf 85' lang='lat' dir='ltr'>Lysimach0,</span> <span class='ocrx_word' id='word_1_146' title='bbox 420 1983 476 2023; x_wconf 89' lang='lat' dir='ltr'>cur</span> <span class='ocrx_word' id='word_1_147' title='bbox 498 1961 636 2024; x_wconf 85' lang='lat' dir='ltr'>Athenis</span> <span class='ocrx_word' id='word_1_148' title='bbox 659 1961 699 2023; x_wconf 92' lang='lat' dir='ltr'>sit</span> <span class='ocrx_word' id='word_1_149' title='bbox 721 1962 849 2034; x_wconf 70' lang='lat' dir='ltr'>eiectus</span> <span class='ocrx_word' id='word_1_150' title='bbox 874 1961 1048 2042; x_wconf 91' lang='lat' dir='ltr'>quaerenti.</span> <span class='ocrx_word' id='word_1_151' title='bbox 1094 1959 1313 2043; x_wconf 85' lang='lat' dir='ltr'>Comparasse</span> <span class='ocrx_word' id='word_1_152' title='bbox 1335 1968 1444 2021; x_wconf 87' lang='lat' dir='ltr'>autem</span> 
     </span>
     <span class='ocr_line' id='line_1_17' title="bbox 189 2064 1444 2148; baseline -0.001 -22"><span class='ocrx_word' id='word_1_153' title='bbox 189 2085 224 2127; x_wconf 91' lang='lat' dir='ltr'>se</span> <span class='ocrx_word' id='word_1_154' title='bbox 239 2064 328 2127; x_wconf 90' lang='lat' dir='ltr'>illum</span> <span class='ocrx_word' id='word_1_155' title='bbox 343 2087 416 2128; x_wconf 92' lang='lat' dir='ltr'>cum</span> <span class='ocrx_word' id='word_1_156' title='bbox 431 2067 571 2129; x_wconf 89' lang='lat' dir='ltr'>Hercule</span> <span class='ocrx_word' id='word_1_157' title='bbox 587 2067 628 2129; x_wconf 92' lang='lat' dir='ltr'>ab</span> <span class='ocrx_word' id='word_1_158' title='bbox 645 2066 842 2147; x_wconf 88' lang='lat' dir='ltr'>Argonautis</span> <span class='ocrx_word' id='word_1_159' title='bbox 865 2087 908 2127; x_wconf 89' lang='lat' dir='ltr'>ex</span> <span class='ocrx_word' id='word_1_160' title='bbox 925 2067 1018 2147; x_wconf 86' lang='lat' dir='ltr'>Argo</span> <span class='ocrx_word' id='word_1_161' title='bbox 1034 2085 1117 2128; x_wconf 88' lang='lat' dir='ltr'>nave</span> <span class='ocrx_word' id='word_1_162' title='bbox 1139 2066 1301 2148; x_wconf 90' lang='lat' dir='ltr'>exposito,</span> <span class='ocrx_word' id='word_1_163' title='bbox 1325 2065 1357 2127; x_wconf 94' lang='lat' dir='ltr'>id</span> <span class='ocrx_word' id='word_1_164' title='bbox 1373 2085 1444 2125; x_wconf 92' lang='lat' dir='ltr'>nus-</span> 
     </span>
     <span class='ocr_line' id='line_1_18' title="bbox 189 2170 1449 2253; baseline -0.004 -20"><span class='ocrx_word' id='word_1_165' title='bbox 189 2190 287 2251; x_wconf 87' lang='lat' dir='ltr'>quam</span> <span class='ocrx_word' id='word_1_166' title='bbox 316 2170 390 2234; x_wconf 91' lang='lat' dir='ltr'>alibi</span> <span class='ocrx_word' id='word_1_167' title='bbox 419 2173 539 2235; x_wconf 91' lang='lat' dir='ltr'>inveni:</span> <span class='ocrx_word' id='word_1_168' title='bbox 578 2191 763 2253; x_wconf 88' lang='lat' dir='ltr'>quanquam</span> <span class='ocrx_word' id='word_1_169' title='bbox 795 2172 912 2233; x_wconf 90' lang='lat' dir='ltr'>eodem</span> <span class='ocrx_word' id='word_1_170' title='bbox 942 2170 1034 2234; x_wconf 92' lang='lat' dir='ltr'>simili</span> <span class='ocrx_word' id='word_1_171' title='bbox 1057 2170 1251 2234; x_wconf 91' lang='lat' dir='ltr'>Aristoteles</span> <span class='ocrx_word' id='word_1_172' title='bbox 1273 2170 1395 2252; x_wconf 88' lang='lat' dir='ltr'>politic.</span> <span class='ocrx_word' id='word_1_173' title='bbox 1419 2171 1449 2228; x_wconf 85' lang='grc' dir='ltr'>Γ</span> 
     </span>
     <span class='ocr_line' id='line_1_19' title="bbox 193 2274 1442 2356; baseline -0.002 -19"><span class='ocrx_word' id='word_1_174' title='bbox 193 2275 301 2353; x_wconf 84' lang='lat' dir='ltr'>1284a</span> <span class='ocrx_word' id='word_1_175' title='bbox 323 2276 429 2351; x_wconf 88' lang='lat' dir='ltr'>utitur,</span> <span class='ocrx_word' id='word_1_176' title='bbox 454 2277 507 2339; x_wconf 90' lang='lat' dir='ltr'>ubi</span> <span class='ocrx_word' id='word_1_177' title='bbox 530 2278 570 2339; x_wconf 89' lang='lat' dir='ltr'>de</span> <span class='ocrx_word' id='word_1_178' title='bbox 594 2278 783 2339; x_wconf 89' lang='lat' dir='ltr'>ostracismo</span> <span class='ocrx_word' id='word_1_179' title='bbox 803 2277 881 2356; x_wconf 86' lang='lat' dir='ltr'>agit.</span> <span class='ocrx_word' id='word_1_180' title='bbox 905 2313 945 2322; x_wconf 94' lang='lat'><em>-</em></span> <span class='ocrx_word' id='word_1_181' title='bbox 968 2274 1061 2356; x_wconf 87' lang='lat' dir='ltr'>Quae</span> <span class='ocrx_word' id='word_1_182' title='bbox 1084 2278 1125 2339; x_wconf 91' lang='lat' dir='ltr'>de</span> <span class='ocrx_word' id='word_1_183' title='bbox 1138 2277 1252 2339; x_wconf 91' lang='lat' dir='ltr'>Biante</span> <span class='ocrx_word' id='word_1_184' title='bbox 1268 2283 1442 2344; x_wconf 86' lang='lat' dir='ltr'>narrantur,</span> 
     </span>
     <span class='ocr_line' id='line_1_20' title="bbox 190 2375 1445 2465; baseline -0.006 -23"><span class='ocrx_word' id='word_1_185' title='bbox 190 2401 264 2442; x_wconf 92' lang='lat' dir='ltr'>eum</span> <span class='ocrx_word' id='word_1_186' title='bbox 279 2382 448 2442; x_wconf 77' lang='grc' dir='ltr'><strong><em>ἀπειλοῦντι</em></strong></span> <span class='ocrx_word' id='word_1_187' title='bbox 459 2383 585 2465; x_wconf 79' lang='grc' dir='ltr'><em>Κροίσῳ</em></span> <span class='ocrx_word' id='word_1_188' title='bbox 599 2375 682 2461; x_wconf 86' lang='grc' dir='ltr'><em>μύλα</em></span> <span class='ocrx_word' id='word_1_189' title='bbox 698 2389 965 2464; x_wconf 75' lang='grc' dir='ltr'><em>καταφρονητικῶς</em></span> <span class='ocrx_word' id='word_1_190' title='bbox 977 2383 1201 2460; x_wconf 72' lang='grc' dir='ltr'><em>ἀνταπειλῆσοι,</em></span> <span class='ocrx_word' id='word_1_191' title='bbox 1216 2379 1367 2441; x_wconf 69' lang='grc' dir='ltr'><em>ἐπεσθίειν</em></span> <span class='ocrx_word' id='word_1_192' title='bbox 1383 2385 1445 2438; x_wconf 80' lang='grc' dir='ltr'><em>τῶν</em></span> 
     </span>
     <span class='ocr_line' id='line_1_21' title="bbox 187 2482 1436 2568; baseline -0.003 -21"><span class='ocrx_word' id='word_1_193' title='bbox 187 2488 357 2567; x_wconf 79' lang='grc' dir='ltr'><em>κρομμύων,</em></span> <span class='ocrx_word' id='word_1_194' title='bbox 374 2486 577 2565; x_wconf 74' lang='grc' dir='ltr'><em>αι’νιττύμενος</em></span> <span class='ocrx_word' id='word_1_195' title='bbox 588 2488 623 2547; x_wconf 85' lang='grc' dir='ltr'>τὸ</span> <span class='ocrx_word' id='word_1_196' title='bbox 639 2487 759 2560; x_wconf 73' lang='grc' dir='ltr'><em>κλαίειν,</em></span> <span class='ocrx_word' id='word_1_197' title='bbox 776 2487 875 2566; x_wconf 70' lang='grc' dir='ltr'><em>ἐπειδὴ</em></span> <span class='ocrx_word' id='word_1_198' title='bbox 891 2482 1008 2568; x_wconf 79' lang='grc' dir='ltr'><em>ιλύκριια</em></span> <span class='ocrx_word' id='word_1_199' title='bbox 1022 2495 1101 2547; x_wconf 82' lang='grc' dir='ltr'><em>κινεῖ</em></span> <span class='ocrx_word' id='word_1_200' title='bbox 1111 2488 1128 2566; x_wconf 80' lang='grc' dir='ltr'>ἡ</span> <span class='ocrx_word' id='word_1_201' title='bbox 1140 2486 1303 2568; x_wconf 79' lang='grc' dir='ltr'><em>κρομμύων</em></span> <span class='ocrx_word' id='word_1_202' title='bbox 1312 2488 1436 2565; x_wconf 79' lang='grc' dir='ltr'><em>βρῶσις,</em></span> 
     </span>
     <span class='ocr_line' id='line_1_22' title="bbox 192 2587 1444 2674; baseline -0.005 -21"><span class='ocrx_word' id='word_1_203' title='bbox 192 2594 279 2672; x_wconf 89' lang='lat' dir='ltr'>apud</span> <span class='ocrx_word' id='word_1_204' title='bbox 300 2593 483 2674; x_wconf 87' lang='lat' dir='ltr'>Diogenem</span> <span class='ocrx_word' id='word_1_205' title='bbox 506 2594 519 2654; x_wconf 96' lang='grc' dir='ltr'><strong>Ι</strong></span> <span class='ocrx_word' id='word_1_206' title='bbox 543 2594 582 2672; x_wconf 87' lang='lat'>83</span> <span class='ocrx_word' id='word_1_207' title='bbox 613 2593 675 2654; x_wconf 93' lang='lat' dir='ltr'>hoc</span> <span class='ocrx_word' id='word_1_208' title='bbox 698 2593 784 2655; x_wconf 92' lang='lat' dir='ltr'>idem</span> <span class='ocrx_word' id='word_1_209' title='bbox 813 2593 879 2673; x_wconf 89' lang='lat' dir='ltr'>regi</span> <span class='ocrx_word' id='word_1_210' title='bbox 902 2592 1029 2673; x_wconf 89' lang='lat' dir='ltr'>Alyatti</span> <span class='ocrx_word' id='word_1_211' title='bbox 1060 2592 1250 2673; x_wconf 87' lang='lat' dir='ltr'>respondet:</span> <span class='ocrx_word' id='word_1_212' title='bbox 1288 2587 1444 2666; x_wconf 74' lang='grc' dir='ltr'><em>πέμψαντι</em></span> 
     </span>
     <span class='ocr_line' id='line_1_23' title="bbox 171 2690 1446 2782; baseline -0.005 -23"><span class='ocrx_word' id='word_1_213' title='bbox 171 2691 360 2782; x_wconf 77' lang='grc' dir='ltr'>Ι(Ἀλιιοίττῃ)</span> <span class='ocrx_word' id='word_1_214' title='bbox 383 2697 458 2779; x_wconf 83' lang='grc' dir='ltr'><em>πρὸς</em></span> <span class='ocrx_word' id='word_1_215' title='bbox 479 2698 532 2758; x_wconf 83' lang='grc' dir='ltr'><em>τὸν</em></span> <span class='ocrx_word' id='word_1_216' title='bbox 551 2699 639 2774; x_wconf 89' lang='grc' dir='ltr'><em>Βίαν,</em></span> <span class='ocrx_word' id='word_1_217' title='bbox 659 2697 711 2757; x_wconf 69' lang='grc' dir='ltr'><em>ἵνα</em></span> <span class='ocrx_word' id='word_1_218' title='bbox 733 2698 792 2782; x_wconf 72' lang='grc' dir='ltr'>ἥκῃ</span> <span class='ocrx_word' id='word_1_219' title='bbox 812 2694 884 2779; x_wconf 78' lang='grc' dir='ltr'><em>παρ’</em></span> <span class='ocrx_word' id='word_1_220' title='bbox 908 2696 1000 2758; x_wconf 80' lang='grc' dir='ltr'><em>αιἰτὸν</em></span> <span class='ocrx_word' id='word_1_221' title='bbox 1019 2694 1096 2779; x_wconf 81' lang='grc' dir='ltr'>Ἐγὼ</span> <span class='ocrx_word' id='word_1_222' title='bbox 1119 2694 1160 2771; x_wconf 74' lang='grc' dir='ltr'>δὲ,</span> <span class='ocrx_word' id='word_1_223' title='bbox 1177 2695 1277 2778; x_wconf 75' lang='grc' dir='ltr'><em>φησίν,</em></span> <span class='ocrx_word' id='word_1_224' title='bbox 1295 2690 1446 2778; x_wconf 75' lang='grc' dir='ltr'><em>Ἀλυάττῃ</em></span> 
     </span>
     <span class='ocr_line' id='line_1_24' title="bbox 195 2798 1443 2886; baseline -0.001 -24"><span class='ocrx_word' id='word_1_225' title='bbox 195 2804 304 2863; x_wconf 76' lang='grc' dir='ltr'><em>κελεύω</em></span> <span class='ocrx_word' id='word_1_226' title='bbox 326 2802 470 2884; x_wconf 88' lang='grc' dir='ltr'><em>κρύμμοα</em></span> <span class='ocrx_word' id='word_1_227' title='bbox 491 2802 615 2880; x_wconf 70' lang='grc' dir='ltr'><em>ἐσθίειν,</em></span> <span class='ocrx_word' id='word_1_228' title='bbox 639 2801 703 2865; x_wconf 73' lang='grc' dir='ltr'><em>ἴσον</em></span> <span class='ocrx_word' id='word_1_229' title='bbox 725 2805 768 2886; x_wconf 82' lang='grc' dir='ltr'>τῷ</span> <span class='ocrx_word' id='word_1_230' title='bbox 790 2803 911 2868; x_wconf 78' lang='grc' dir='ltr'><em>κλαίειν,</em></span> <span class='ocrx_word' id='word_1_231' title='bbox 957 2803 1057 2884; x_wconf 88' lang='lat' dir='ltr'>Apud</span> <span class='ocrx_word' id='word_1_232' title='bbox 1080 2798 1293 2873; x_wconf 85' lang='lat' dir='ltr'>Plutarchum,</span> <span class='ocrx_word' id='word_1_233' title='bbox 1319 2798 1443 2861; x_wconf 88' lang='lat' dir='ltr'>conviv.</span> 
     </span>
     <span class='ocr_line' id='line_1_25' title="bbox 189 2901 1444 2990; baseline -0.008 -20"><span class='ocrx_word' id='word_1_234' title='bbox 189 2917 271 2989; x_wconf 87' lang='lat' dir='ltr'>sept.</span> <span class='ocrx_word' id='word_1_235' title='bbox 301 2909 435 2990; x_wconf 84' lang='lat' dir='ltr'>sapient.</span> <span class='ocrx_word' id='word_1_236' title='bbox 465 2928 492 2971; x_wconf 93' lang='lat' dir='ltr'>c.</span> <span class='ocrx_word' id='word_1_237' title='bbox 527 2924 565 2970; x_wconf 91' lang='lat'>10</span> <span class='ocrx_word' id='word_1_238' title='bbox 593 2908 733 2970; x_wconf 89' lang='lat' dir='ltr'>Pittacus</span> <span class='ocrx_word' id='word_1_239' title='bbox 766 2927 876 2989; x_wconf 90' lang='lat' dir='ltr'>regem</span> <span class='ocrx_word' id='word_1_240' title='bbox 899 2908 1070 2989; x_wconf 86' lang='lat' dir='ltr'>Alyattem</span> <span class='ocrx_word' id='word_1_241' title='bbox 1098 2907 1187 2969; x_wconf 88' lang='lat' dir='ltr'>iubet</span> <span class='ocrx_word' id='word_1_242' title='bbox 1219 2903 1361 2986; x_wconf 84' lang='grc' dir='ltr'><em>κρόμμυα</em></span> <span class='ocrx_word' id='word_1_243' title='bbox 1394 2901 1444 2962; x_wconf 77' lang='grc' dir='ltr'>καὶ</span> 
     </span>
     <span class='ocr_line' id='line_1_26' title="bbox 108 3010 1443 3094; baseline -0.003 -21"><span class='ocrx_word' id='word_1_244' title='bbox 108 3059 110 3063; x_wconf 68' lang='lat'>,</span> <span class='ocrx_word' id='word_1_245' title='bbox 190 3012 308 3094; x_wconf 76' lang='grc' dir='ltr'><em>θερμὸν</em></span> <span class='ocrx_word' id='word_1_246' title='bbox 322 3013 413 3094; x_wconf 79' lang='grc' dir='ltr'><em>ύρτον</em></span> <span class='ocrx_word' id='word_1_247' title='bbox 428 3010 551 3076; x_wconf 73' lang='grc' dir='ltr'><em>ἐσθίειν.</em></span> <span class='ocrx_word' id='word_1_248' title='bbox 568 3048 606 3059; x_wconf 95' lang='grc'>-</span> <span class='ocrx_word' id='word_1_249' title='bbox 619 3013 730 3076; x_wconf 92' lang='lat' dir='ltr'>Verba</span> <span class='ocrx_word' id='word_1_250' title='bbox 743 3022 862 3087; x_wconf 87' lang='lat' dir='ltr'>autem,</span> <span class='ocrx_word' id='word_1_251' title='bbox 879 3013 994 3094; x_wconf 91' lang='lat' dir='ltr'>quibus</span> <span class='ocrx_word' id='word_1_252' title='bbox 1012 3012 1192 3075; x_wconf 89' lang='lat' dir='ltr'>aXanthiis</span> <span class='ocrx_word' id='word_1_253' title='bbox 1207 3013 1248 3074; x_wconf 93' lang='lat' dir='ltr'>ad</span> <span class='ocrx_word' id='word_1_254' title='bbox 1259 3012 1443 3091; x_wconf 90' lang='lat' dir='ltr'>Diogenem</span> 
     </span>
     <span class='ocr_line' id='line_1_27' title="bbox 189 3114 1441 3200; baseline -0.004 -21"><span class='ocrx_word' id='word_1_255' title='bbox 189 3120 339 3180; x_wconf 90' lang='lat' dir='ltr'>transitus</span> <span class='ocrx_word' id='word_1_256' title='bbox 354 3117 399 3192; x_wconf 85' lang='lat' dir='ltr'>fit,</span> <span class='ocrx_word' id='word_1_257' title='bbox 422 3119 624 3200; x_wconf 89' lang='lat' dir='ltr'>compilatori</span> <span class='ocrx_word' id='word_1_258' title='bbox 639 3117 895 3188; x_wconf 91' lang='lat' dir='ltr'>essetribuenda</span> <span class='ocrx_word' id='word_1_259' title='bbox 910 3127 1055 3199; x_wconf 87' lang='lat' dir='ltr'>apparet.</span> <span class='ocrx_word' id='word_1_260' title='bbox 1099 3116 1230 3198; x_wconf 81' lang='lat' dir='ltr'>»Atque</span> <span class='ocrx_word' id='word_1_261' title='bbox 1251 3115 1283 3176; x_wconf 95' lang='lat' dir='ltr'>hi</span> <span class='ocrx_word' id='word_1_262' title='bbox 1300 3114 1441 3196; x_wconf 90' lang='lat' dir='ltr'>quidem,</span> 
     </span>
     <span class='ocr_line' id='line_1_28' title="bbox 192 3223 1442 3304; baseline -0.004 -20"><span class='ocrx_word' id='word_1_263' title='bbox 192 3223 301 3302; x_wconf 88' lang='lat' dir='ltr'>inquit,</span> <span class='ocrx_word' id='word_1_264' title='bbox 330 3223 570 3304; x_wconf 91' lang='lat' dir='ltr'>tyrannicorum</span> <span class='ocrx_word' id='word_1_265' title='bbox 598 3224 797 3286; x_wconf 89' lang='lat' dir='ltr'>inimicorum</span> <span class='ocrx_word' id='word_1_266' title='bbox 827 3223 1016 3285; x_wconf 87' lang='lat' dir='ltr'>immanitati</span> <span class='ocrx_word' id='word_1_267' title='bbox 1045 3243 1079 3285; x_wconf 89' lang='lat' dir='ltr'>se</span> <span class='ocrx_word' id='word_1_268' title='bbox 1107 3223 1275 3303; x_wconf 90' lang='lat' dir='ltr'>eripientes</span> <span class='ocrx_word' id='word_1_269' title='bbox 1304 3227 1442 3281; x_wconf 89' lang='lat' dir='ltr'>mortem</span> 
     </span>
     <span class='ocr_line' id='line_1_29' title="bbox 189 3321 1442 3410; baseline -0.004 -22"><span class='ocrx_word' id='word_1_270' title='bbox 189 3327 409 3409; x_wconf 88' lang='lat' dir='ltr'>praetulerunt</span> <span class='ocrx_word' id='word_1_271' title='bbox 429 3329 605 3410; x_wconf 88' lang='lat' dir='ltr'>gloriosam</span> <span class='ocrx_word' id='word_1_272' title='bbox 627 3327 738 3390; x_wconf 91' lang='lat' dir='ltr'>humili</span> <span class='ocrx_word' id='word_1_273' title='bbox 758 3329 859 3390; x_wconf 90' lang='lat' dir='ltr'>vitae:</span> <span class='ocrx_word' id='word_1_274' title='bbox 889 3328 908 3389; x_wconf 93' lang='lat' dir='ltr'>ii</span> <span class='ocrx_word' id='word_1_275' title='bbox 931 3337 1048 3401; x_wconf 91' lang='lat' dir='ltr'>autem,</span> <span class='ocrx_word' id='word_1_276' title='bbox 1071 3327 1124 3406; x_wconf 92' lang='lat' dir='ltr'>qui</span> <span class='ocrx_word' id='word_1_277' title='bbox 1146 3327 1263 3389; x_wconf 91' lang='lat' dir='ltr'>servati</span> <span class='ocrx_word' id='word_1_278' title='bbox 1286 3331 1360 3386; x_wconf 91' lang='lat' dir='ltr'>sunt</span> <span class='ocrx_word' id='word_1_279' title='bbox 1381 3321 1442 3385; x_wconf 84' lang='lat' dir='ltr'>for-</span> 
     </span>
     <span class='ocr_line' id='line_1_30' title="bbox 188 3427 1443 3508; baseline -0.006 -13"><span class='ocrx_word' id='word_1_280' title='bbox 188 3442 287 3495; x_wconf 91' lang='lat' dir='ltr'>tunae</span> <span class='ocrx_word' id='word_1_281' title='bbox 316 3432 482 3508; x_wconf 85' lang='lat' dir='ltr'>beneficio,</span> <span class='ocrx_word' id='word_1_282' title='bbox 504 3435 611 3496; x_wconf 85' lang='lat' dir='ltr'>animo</span> <span class='ocrx_word' id='word_1_283' title='bbox 636 3433 795 3496; x_wconf 91' lang='lat' dir='ltr'>constanti</span> <span class='ocrx_word' id='word_1_284' title='bbox 816 3452 889 3494; x_wconf 92' lang='lat' dir='ltr'>eam</span> <span class='ocrx_word' id='word_1_285' title='bbox 910 3432 1143 3506; x_wconf 91' lang='lat' dir='ltr'>sustinuerunt,</span> <span class='ocrx_word' id='word_1_286' title='bbox 1174 3430 1347 3493; x_wconf 90' lang='lat' dir='ltr'>Herculem</span> <span class='ocrx_word' id='word_1_287' title='bbox 1378 3427 1443 3489; x_wconf 94' lang='lat' dir='ltr'>imi-</span> 
     </span>
    </p>
   </div>
   <div class='ocr_carea' id='block_1_3' title="bbox 189 3659 1443 3818">
    <p class='ocr_par' dir='ltr' id='par_1_3' title="bbox 189 3659 1443 3818">
     <span class='ocr_line' id='line_1_31' title="bbox 274 3659 1443 3730; baseline -0.006 -17"><span class='ocrx_word' id='word_1_288' title='bbox 274 3663 297 3730; x_wconf 82' lang='lat'>1)</span> <span class='ocrx_word' id='word_1_289' title='bbox 317 3666 374 3730; x_wconf 93' lang='lat' dir='ltr'>lpse</span> <span class='ocrx_word' id='word_1_290' title='bbox 392 3664 475 3722; x_wconf 88' lang='lat' dir='ltr'>Philo,</span> <span class='ocrx_word' id='word_1_291' title='bbox 496 3665 538 3728; x_wconf 92' lang='lat' dir='ltr'>qui</span> <span class='ocrx_word' id='word_1_292' title='bbox 556 3664 696 3713; x_wconf 88' lang='lat' dir='ltr'>admodum</span> <span class='ocrx_word' id='word_1_293' title='bbox 714 3678 804 3727; x_wconf 88' lang='lat' dir='ltr'>parcus</span> <span class='ocrx_word' id='word_1_294' title='bbox 821 3671 858 3711; x_wconf 89' lang='lat' dir='ltr'>est</span> <span class='ocrx_word' id='word_1_295' title='bbox 876 3661 902 3710; x_wconf 92' lang='lat' dir='ltr'>in</span> <span class='ocrx_word' id='word_1_296' title='bbox 921 3662 1023 3710; x_wconf 87' lang='lat' dir='ltr'>Graecis</span> <span class='ocrx_word' id='word_1_297' title='bbox 1041 3662 1161 3726; x_wconf 86' lang='lat' dir='ltr'>exemplis</span> <span class='ocrx_word' id='word_1_298' title='bbox 1179 3659 1312 3725; x_wconf 83' lang='lat' dir='ltr'>ponendis,</span> <span class='ocrx_word' id='word_1_299' title='bbox 1334 3659 1443 3708; x_wconf 89' lang='lat' dir='ltr'>Zenonis</span> 
     </span>
     <span class='ocr_line' id='line_1_32' title="bbox 189 3749 1381 3818; baseline -0.005 -16"><span class='ocrx_word' id='word_1_300' title='bbox 189 3753 306 3818; x_wconf 87' lang='lat' dir='ltr'>exemplo</span> <span class='ocrx_word' id='word_1_301' title='bbox 325 3754 411 3811; x_wconf 84' lang='lat' dir='ltr'>utitur,</span> <span class='ocrx_word' id='word_1_302' title='bbox 431 3753 467 3801; x_wconf 90' lang='lat' dir='ltr'>ita</span> <span class='ocrx_word' id='word_1_303' title='bbox 484 3760 568 3801; x_wconf 88' lang='lat' dir='ltr'>tamen</span> <span class='ocrx_word' id='word_1_304' title='bbox 587 3760 615 3800; x_wconf 87' lang='lat' dir='ltr'>ut</span> <span class='ocrx_word' id='word_1_305' title='bbox 632 3768 677 3800; x_wconf 94' lang='lat' dir='ltr'>suo</span> <span class='ocrx_word' id='word_1_306' title='bbox 695 3767 765 3801; x_wconf 89' lang='lat' dir='ltr'>more</span> <span class='ocrx_word' id='word_1_307' title='bbox 785 3750 934 3800; x_wconf 83' lang='lat' dir='ltr'>nominatim</span> <span class='ocrx_word' id='word_1_308' title='bbox 953 3766 1010 3799; x_wconf 92' lang='lat' dir='ltr'>eum</span> <span class='ocrx_word' id='word_1_309' title='bbox 1028 3767 1080 3799; x_wconf 89' lang='lat' dir='ltr'>non</span> <span class='ocrx_word' id='word_1_310' title='bbox 1099 3749 1218 3814; x_wconf 84' lang='lat' dir='ltr'>appellet,</span> <span class='ocrx_word' id='word_1_311' title='bbox 1238 3749 1272 3796; x_wconf 83' lang='lat' dir='ltr'>cf.</span> <span class='ocrx_word' id='word_1_312' title='bbox 1292 3764 1319 3812; x_wconf 91' lang='lat' dir='ltr'>p.</span> <span class='ocrx_word' id='word_1_313' title='bbox 1342 3749 1381 3796; x_wconf 87' lang='lat'>16.</span> 
     </span>
    </p>
   </div>
   <div class='ocr_carea' id='block_1_4' title="bbox 273 3852 1361 3922">
    <p class='ocr_par' dir='ltr' id='par_1_4' title="bbox 273 3852 1361 3922">
     <span class='ocr_line' id='line_1_33' title="bbox 273 3852 1361 3922; baseline -0.003 -16"><span class='ocrx_word' id='word_1_314' title='bbox 273 3854 298 3922; x_wconf 73' lang='lat'>⁹)</span> <span class='ocrx_word' id='word_1_315' title='bbox 318 3858 377 3906; x_wconf 89' lang='lat' dir='ltr'>Hoc</span> <span class='ocrx_word' id='word_1_316' title='bbox 394 3865 524 3922; x_wconf 84' lang='lat' dir='ltr'>praeterea</span> <span class='ocrx_word' id='word_1_317' title='bbox 542 3857 610 3921; x_wconf 90' lang='lat' dir='ltr'>apud</span> <span class='ocrx_word' id='word_1_318' title='bbox 628 3857 710 3906; x_wconf 91' lang='lat' dir='ltr'>solum</span> <span class='ocrx_word' id='word_1_319' title='bbox 730 3856 886 3905; x_wconf 88' lang='lat' dir='ltr'>Clementem</span> <span class='ocrx_word' id='word_1_320' title='bbox 904 3855 979 3919; x_wconf 88' lang='lat' dir='ltr'>paed.</span> <span class='ocrx_word' id='word_1_321' title='bbox 1000 3856 1040 3904; x_wconf 94' lang='lat' dir='ltr'>III</span> <span class='ocrx_word' id='word_1_322' title='bbox 1058 3868 1082 3918; x_wconf 85' lang='lat'>3,</span> <span class='ocrx_word' id='word_1_323' title='bbox 1104 3856 1143 3904; x_wconf 88' lang='lat'>16.</span> <span class='ocrx_word' id='word_1_324' title='bbox 1163 3854 1210 3903; x_wconf 84' lang='lat'>261</span> <span class='ocrx_word' id='word_1_325' title='bbox 1231 3852 1251 3899; x_wconf 96' lang='lat' dir='ltr'>P</span> <span class='ocrx_word' id='word_1_326' title='bbox 1269 3852 1361 3903; x_wconf 87' lang='lat' dir='ltr'>inveni.</span> 
     </span>
    </p>
   </div>
   <div class='ocr_carea' id='block_1_5' title="bbox 274 3958 1441 4027">
    <p class='ocr_par' dir='ltr' id='par_1_5' title="bbox 274 3958 1441 4027">
     <span class='ocr_line' id='line_1_34' title="bbox 274 3958 1441 4027; baseline -0.005 -17"><span class='ocrx_word' id='word_1_327' title='bbox 274 3958 298 4026; x_wconf 78' lang='lat'>8)</span> <span class='ocrx_word' id='word_1_328' title='bbox 316 3962 355 4010; x_wconf 90' lang='lat' dir='ltr'>Ibi</span> <span class='ocrx_word' id='word_1_329' title='bbox 374 3962 468 4027; x_wconf 87' lang='lat' dir='ltr'>primus</span> <span class='ocrx_word' id='word_1_330' title='bbox 486 3969 584 4010; x_wconf 84' lang='lat' dir='ltr'>tantum</span> <span class='ocrx_word' id='word_1_331' title='bbox 604 3978 635 4010; x_wconf 88' lang='lat' dir='ltr'>ex</span> <span class='ocrx_word' id='word_1_332' title='bbox 647 3962 726 4010; x_wconf 88' lang='lat' dir='ltr'>tribus</span> <span class='ocrx_word' id='word_1_333' title='bbox 738 3960 844 4008; x_wconf 86' lang='lat' dir='ltr'>Homeri</span> <span class='ocrx_word' id='word_1_334' title='bbox 859 3959 979 4015; x_wconf 84' lang='lat' dir='ltr'>versibus,</span> <span class='ocrx_word' id='word_1_335' title='bbox 1000 3959 1043 4023; x_wconf 92' lang='lat' dir='ltr'>qui</span> <span class='ocrx_word' id='word_1_336' title='bbox 1055 3959 1096 4006; x_wconf 91' lang='lat' dir='ltr'>hic</span> <span class='ocrx_word' id='word_1_337' title='bbox 1109 3958 1265 4017; x_wconf 86' lang='lat' dir='ltr'>adferuntur,</span> <span class='ocrx_word' id='word_1_338' title='bbox 1280 3964 1441 4016; x_wconf 85' lang='lat' dir='ltr'>memoratur,</span> 
     </span>
    </p>
   </div>
   <div class='ocr_carea' id='block_1_6' title="bbox 188 4046 1444 4281">
    <p class='ocr_par' dir='ltr' id='par_1_6' title="bbox 188 4046 1444 4281">
     <span class='ocr_line' id='line_1_35' title="bbox 189 4046 1443 4115; baseline -0.005 -16"><span class='ocrx_word' id='word_1_339' title='bbox 189 4067 241 4115; x_wconf 93' lang='lat' dir='ltr'>quo</span> <span class='ocrx_word' id='word_1_340' title='bbox 260 4051 365 4099; x_wconf 80' lang='lat' dir='ltr'>similem</span> <span class='ocrx_word' id='word_1_341' title='bbox 385 4051 409 4098; x_wconf 88' lang='lat' dir='ltr'>in</span> <span class='ocrx_word' id='word_1_342' title='bbox 428 4051 533 4099; x_wconf 90' lang='lat' dir='ltr'>modum</span> <span class='ocrx_word' id='word_1_343' title='bbox 552 4051 648 4100; x_wconf 86' lang='lat' dir='ltr'>Seneca</span> <span class='ocrx_word' id='word_1_344' title='bbox 665 4049 742 4098; x_wconf 87' lang='lat' dir='ltr'>utitur</span> <span class='ocrx_word' id='word_1_345' title='bbox 760 4065 800 4113; x_wconf 90' lang='lat' dir='ltr'>ep.</span> <span class='ocrx_word' id='word_1_346' title='bbox 821 4049 853 4111; x_wconf 88' lang='lat'>63</span> <span class='ocrx_word' id='word_1_347' title='bbox 876 4061 897 4095; x_wconf 90' lang='lat'>1.</span> <span class='ocrx_word' id='word_1_348' title='bbox 919 4061 948 4095; x_wconf 90' lang='lat'>2:</span> <span class='ocrx_word' id='word_1_349' title='bbox 980 4047 1104 4096; x_wconf 89' lang='lat' dir='ltr'>Neesicci</span> <span class='ocrx_word' id='word_1_350' title='bbox 1116 4047 1166 4095; x_wconf 89' lang='lat' dir='ltr'>sint</span> <span class='ocrx_word' id='word_1_351' title='bbox 1178 4046 1245 4095; x_wconf 90' lang='lat' dir='ltr'>oculi</span> <span class='ocrx_word' id='word_1_352' title='bbox 1257 4046 1348 4094; x_wconf 87' lang='lat' dir='ltr'>amisso</span> <span class='ocrx_word' id='word_1_353' title='bbox 1361 4047 1443 4094; x_wconf 90' lang='lat' dir='ltr'>amico</span> 
     </span>
     <span class='ocr_line' id='line_1_36' title="bbox 188 4134 1444 4202; baseline -0.005 -15"><span class='ocrx_word' id='word_1_354' title='bbox 188 4155 235 4188; x_wconf 89' lang='lat' dir='ltr'>nec</span> <span class='ocrx_word' id='word_1_355' title='bbox 254 4138 341 4189; x_wconf 87' lang='lat' dir='ltr'>fluant.</span> <span class='ocrx_word' id='word_1_356' title='bbox 361 4169 395 4180; x_wconf 91' lang='lat'>·-</span> <span class='ocrx_word' id='word_1_357' title='bbox 413 4140 510 4188; x_wconf 86' lang='lat' dir='ltr'>Duram</span> <span class='ocrx_word' id='word_1_358' title='bbox 528 4139 572 4188; x_wconf 86' lang='lat' dir='ltr'>u&#39;bi</span> <span class='ocrx_word' id='word_1_359' title='bbox 590 4139 672 4202; x_wconf 92' lang='lat' dir='ltr'>legem</span> <span class='ocrx_word' id='word_1_360' title='bbox 691 4137 779 4186; x_wconf 91' lang='lat' dir='ltr'>videor</span> <span class='ocrx_word' id='word_1_361' title='bbox 797 4151 900 4200; x_wconf 83' lang='lat' dir='ltr'>ponere,</span> <span class='ocrx_word' id='word_1_362' title='bbox 920 4150 978 4183; x_wconf 90' lang='lat' dir='ltr'>cum</span> <span class='ocrx_word' id='word_1_363' title='bbox 997 4143 1128 4199; x_wconf 89' lang='lat' dir='ltr'>poetarum</span> <span class='ocrx_word' id='word_1_364' title='bbox 1147 4135 1301 4183; x_wconf 87' lang='lat' dir='ltr'>Graecorum</span> <span class='ocrx_word' id='word_1_365' title='bbox 1319 4134 1444 4182; x_wconf 86' lang='lat' dir='ltr'>maximus</span> 
     </span>
     <span class='ocr_line' id='line_1_37' title="bbox 188 4221 1442 4281; baseline -0.004 -6"><span class='ocrx_word' id='word_1_366' title='bbox 188 4227 226 4281; x_wconf 81' lang='lat' dir='ltr'>ius</span> <span class='ocrx_word' id='word_1_367' title='bbox 245 4226 322 4276; x_wconf 90' lang='lat' dir='ltr'>flendi</span> <span class='ocrx_word' id='word_1_368' title='bbox 340 4227 439 4277; x_wconf 87' lang='lat' dir='ltr'>dederit</span> <span class='ocrx_word' id='word_1_369' title='bbox 462 4226 488 4275; x_wconf 89' lang='lat' dir='ltr'>in</span> <span class='ocrx_word' id='word_1_370' title='bbox 512 4243 591 4275; x_wconf 89' lang='lat' dir='ltr'>unum</span> <span class='ocrx_word' id='word_1_371' title='bbox 617 4226 749 4275; x_wconf 82' lang='lat' dir='ltr'>dumtaxat</span> <span class='ocrx_word' id='word_1_372' title='bbox 776 4224 852 4281; x_wconf 88' lang='lat' dir='ltr'>diem,</span> <span class='ocrx_word' id='word_1_373' title='bbox 881 4239 939 4272; x_wconf 89' lang='lat' dir='ltr'>eum</span> <span class='ocrx_word' id='word_1_374' title='bbox 966 4223 1056 4272; x_wconf 86' lang='lat' dir='ltr'>dixerit</span> <span class='ocrx_word' id='word_1_375' title='bbox 1086 4223 1161 4271; x_wconf 83' lang='lat' dir='ltr'>etiam</span> <span class='ocrx_word' id='word_1_376' title='bbox 1184 4221 1296 4270; x_wconf 90' lang='lat' dir='ltr'>Niobam</span> <span class='ocrx_word' id='word_1_377' title='bbox 1323 4222 1355 4271; x_wconf 90' lang='lat' dir='ltr'>de</span> <span class='ocrx_word' id='word_1_378' title='bbox 1385 4222 1442 4271; x_wconf 92' lang='lat' dir='ltr'>cibo</span> 
     </span>
    </p>
   </div>
   <div class='ocr_carea' id='block_1_7' title="bbox 188 4316 323 4379">
    <p class='ocr_par' dir='ltr' id='par_1_7' title="bbox 188 4316 323 4379">
     <span class='ocr_line' id='line_1_38' title="bbox 188 4316 323 4379; baseline 0.007 -16"><span class='ocrx_word' id='word_1_379' title='bbox 188 4316 323 4379; x_wconf 83' lang='lat' dir='ltr'>cogitasse?</span> 
     </span>
    </p>
   </div>
   <div class='ocr_carea' id='block_1_8' title="bbox 0 0 1642 5040">
    <p class='ocr_par' dir='ltr' id='par_1_8' title="bbox 0 0 1642 5040">
     <span class='ocr_line' id='line_1_39' title="bbox 0 0 1642 5040; baseline 0 1"><span class='ocrx_word' id='word_1_380' title='bbox 0 0 1642 5040; x_wconf 95' lang='lat' dir='ltr'> </span> 
     </span>
    </p>
   </div>
  </div>
 </body>
</html>
