<?xml version="1.0" encoding="UTF-8"?>
<!DOCTYPE html PUBLIC "-//W3C//DTD XHTML 1.0 Transitional//EN"
    "http://www.w3.org/TR/xhtml1/DTD/xhtml1-transitional.dtd">
<html xmlns="http://www.w3.org/1999/xhtml" xml:lang="en" lang="en">
 <head>
  <title>
</title>
<meta http-equiv="Content-Type" content="text/html;charset=utf-8" />
  <meta name='ocr-system' content='tesseract 3.04.00' />
  <meta name='ocr-capabilities' content='ocr_page ocr_carea ocr_par ocr_line ocrx_word'/>
</head>
<body>
  <div class='ocr_page' id='page_1' title='image "./delibroperitoup00ausfgoog_0037.png"; bbox 0 0 3276 5040; ppageno 0'>
   <div class='ocr_carea' id='block_1_1' title="bbox 706 311 917 412">
    <p class='ocr_par' dir='ltr' id='par_1_1' title="bbox 706 311 917 412">
     <span class='ocr_line' id='line_1_1' title="bbox 706 311 917 412; baseline -0.005 -34"><span class='ocrx_word' id='word_1_1' title='bbox 706 367 747 378; x_wconf 83' lang='lat'><em>-</em></span> <span class='ocrx_word' id='word_1_2' title='bbox 792 346 833 412; x_wconf 86' lang='lat'>30</span> <span class='ocrx_word' id='word_1_3' title='bbox 870 311 917 377; x_wconf 47' lang='grc'>’-</span> 
     </span>
    </p>
   </div>
   <div class='ocr_carea' id='block_1_2' title="bbox 185 496 1446 2056">
    <p class='ocr_par' dir='ltr' id='par_1_2' title="bbox 185 496 1446 1952">
     <span class='ocr_line' id='line_1_2' title="bbox 185 496 1442 583; baseline -0.004 -19"><span class='ocrx_word' id='word_1_4' title='bbox 185 503 368 564; x_wconf 90' lang='lat' dir='ltr'>morituros.</span> <span class='ocrx_word' id='word_1_5' title='bbox 412 503 497 565; x_wconf 92' lang='lat' dir='ltr'>Nam</span> <span class='ocrx_word' id='word_1_6' title='bbox 521 502 608 583; x_wconf 92' lang='lat' dir='ltr'>quod</span> <span class='ocrx_word' id='word_1_7' title='bbox 631 501 671 562; x_wconf 93' lang='lat' dir='ltr'>de</span> <span class='ocrx_word' id='word_1_8' title='bbox 694 508 798 562; x_wconf 90' lang='lat' dir='ltr'>morte</span> <span class='ocrx_word' id='word_1_9' title='bbox 821 503 925 582; x_wconf 82' lang='lat' dir='ltr'>agitur</span> <span class='ocrx_word' id='word_1_10' title='bbox 947 522 1006 582; x_wconf 93' lang='lat' dir='ltr'>pro</span> <span class='ocrx_word' id='word_1_11' title='bbox 1029 500 1176 563; x_wconf 91' lang='lat' dir='ltr'>libertate</span> <span class='ocrx_word' id='word_1_12' title='bbox 1198 498 1364 562; x_wconf 90' lang='lat' dir='ltr'>subeunda</span> <span class='ocrx_word' id='word_1_13' title='bbox 1378 496 1442 560; x_wconf 93' lang='lat' dir='ltr'>hoc</span> 
     </span>
     <span class='ocr_line' id='line_1_3' title="bbox 185 601 1440 688; baseline -0.005 -18"><span class='ocrx_word' id='word_1_14' title='bbox 185 609 227 670; x_wconf 88' lang='lat' dir='ltr'>ad</span> <span class='ocrx_word' id='word_1_15' title='bbox 245 606 360 670; x_wconf 94' lang='lat' dir='ltr'>librum</span> <span class='ocrx_word' id='word_1_16' title='bbox 382 607 448 688; x_wconf 78' lang='grc' dir='ltr'><strong><em>περὶ</em></strong></span> <span class='ocrx_word' id='word_1_17' title='bbox 472 603 646 687; x_wconf 70' lang='grc' dir='ltr'><strong><em>ἐλευθερίας</em></strong></span> <span class='ocrx_word' id='word_1_18' title='bbox 667 624 727 667; x_wconf 93' lang='lat' dir='ltr'>nos</span> <span class='ocrx_word' id='word_1_19' title='bbox 749 605 865 668; x_wconf 92' lang='lat' dir='ltr'>ducere</span> <span class='ocrx_word' id='word_1_20' title='bbox 887 603 1027 668; x_wconf 91' lang='lat' dir='ltr'>videtur:</span> <span class='ocrx_word' id='word_1_21' title='bbox 1065 604 1120 685; x_wconf 93' lang='lat' dir='ltr'>qui</span> <span class='ocrx_word' id='word_1_22' title='bbox 1149 604 1234 666; x_wconf 92' lang='lat' dir='ltr'>enim</span> <span class='ocrx_word' id='word_1_23' title='bbox 1260 623 1320 685; x_wconf 92' lang='lat' dir='ltr'>pro</span> <span class='ocrx_word' id='word_1_24' title='bbox 1349 601 1440 666; x_wconf 90' lang='lat' dir='ltr'>liber-</span> 
     </span>
     <span class='ocr_line' id='line_1_4' title="bbox 185 697 1441 793; baseline -0.004 -19"><span class='ocrx_word' id='word_1_25' title='bbox 185 721 252 774; x_wconf 87' lang='lat' dir='ltr'>tate</span> <span class='ocrx_word' id='word_1_26' title='bbox 275 712 429 775; x_wconf 90' lang='lat' dir='ltr'>morietur</span> <span class='ocrx_word' id='word_1_27' title='bbox 450 712 587 793; x_wconf 91' lang='lat' dir='ltr'>sapiens,</span> <span class='ocrx_word' id='word_1_28' title='bbox 611 711 665 791; x_wconf 93' lang='lat' dir='ltr'>qui</span> <span class='ocrx_word' id='word_1_29' title='bbox 687 711 796 792; x_wconf 89' lang='lat' dir='ltr'>utique</span> <span class='ocrx_word' id='word_1_30' title='bbox 809 708 889 771; x_wconf 89' lang='lat' dir='ltr'>liber</span> <span class='ocrx_word' id='word_1_31' title='bbox 905 717 963 783; x_wconf 90' lang='lat' dir='ltr'>est,</span> <span class='ocrx_word' id='word_1_32' title='bbox 987 710 1054 772; x_wconf 90' lang='lat' dir='ltr'>sive</span> <span class='ocrx_word' id='word_1_33' title='bbox 1068 697 1179 772; x_wconf 87' lang='lat' dir='ltr'>servus</span> <span class='ocrx_word' id='word_1_34' title='bbox 1194 718 1243 772; x_wconf 91' lang='lat' dir='ltr'>est</span> <span class='ocrx_word' id='word_1_35' title='bbox 1259 708 1326 771; x_wconf 91' lang='lat' dir='ltr'>sive</span> <span class='ocrx_word' id='word_1_36' title='bbox 1342 707 1441 770; x_wconf 87' lang='lat' dir='ltr'>civis?</span> 
     </span>
     <span class='ocr_line' id='line_1_5' title="bbox 186 813 1439 898; baseline -0.003 -19"><span class='ocrx_word' id='word_1_37' title='bbox 186 816 242 892; x_wconf 90' lang='lat' dir='ltr'>At,</span> <span class='ocrx_word' id='word_1_38' title='bbox 267 815 427 890; x_wconf 90' lang='lat' dir='ltr'>obvertes,</span> <span class='ocrx_word' id='word_1_39' title='bbox 451 817 578 898; x_wconf 90' lang='lat' dir='ltr'>sapiens</span> <span class='ocrx_word' id='word_1_40' title='bbox 601 836 706 879; x_wconf 93' lang='lat' dir='ltr'>nonne</span> <span class='ocrx_word' id='word_1_41' title='bbox 728 826 797 879; x_wconf 93' lang='lat' dir='ltr'>tum</span> <span class='ocrx_word' id='word_1_42' title='bbox 820 835 880 897; x_wconf 93' lang='lat' dir='ltr'>pro</span> <span class='ocrx_word' id='word_1_43' title='bbox 902 813 1049 878; x_wconf 89' lang='lat' dir='ltr'>libertate</span> <span class='ocrx_word' id='word_1_44' title='bbox 1072 815 1214 889; x_wconf 91' lang='lat' dir='ltr'>moritur,</span> <span class='ocrx_word' id='word_1_45' title='bbox 1243 814 1270 876; x_wconf 91' lang='lat' dir='ltr'>si</span> <span class='ocrx_word' id='word_1_46' title='bbox 1299 822 1439 876; x_wconf 90' lang='lat' dir='ltr'>mortem</span> 
     </span>
     <span class='ocr_line' id='line_1_6' title="bbox 186 918 1441 1003; baseline -0.003 -19"><span class='ocrx_word' id='word_1_47' title='bbox 186 922 327 1002; x_wconf 88' lang='lat' dir='ltr'>suscipit,</span> <span class='ocrx_word' id='word_1_48' title='bbox 352 941 392 984; x_wconf 95' lang='lat' dir='ltr'>ne</span> <span class='ocrx_word' id='word_1_49' title='bbox 415 921 491 1003; x_wconf 94' lang='lat' dir='ltr'>quid</span> <span class='ocrx_word' id='word_1_50' title='bbox 514 930 646 984; x_wconf 91' lang='lat' dir='ltr'>coactus</span> <span class='ocrx_word' id='word_1_51' title='bbox 668 919 762 985; x_wconf 82' lang='lat' dir='ltr'>saciat</span> <span class='ocrx_word' id='word_1_52' title='bbox 784 930 818 984; x_wconf 94' lang='lat' dir='ltr'>et</span> <span class='ocrx_word' id='word_1_53' title='bbox 839 919 974 983; x_wconf 82' lang='lat' dir='ltr'>invitus?</span> <span class='ocrx_word' id='word_1_54' title='bbox 1019 920 1093 982; x_wconf 91' lang='lat' dir='ltr'>Hoc</span> <span class='ocrx_word' id='word_1_55' title='bbox 1115 918 1358 982; x_wconf 90' lang='lat' dir='ltr'>concedendum</span> <span class='ocrx_word' id='word_1_56' title='bbox 1381 927 1441 993; x_wconf 93' lang='lat' dir='ltr'>est,</span> 
     </span>
     <span class='ocr_line' id='line_1_7' title="bbox 187 1023 1442 1114; baseline -0.002 -27"><span class='ocrx_word' id='word_1_57' title='bbox 187 1036 222 1088; x_wconf 88' lang='lat' dir='ltr'>ut</span> <span class='ocrx_word' id='word_1_58' title='bbox 252 1047 319 1088; x_wconf 93' lang='lat' dir='ltr'>rem</span> <span class='ocrx_word' id='word_1_59' title='bbox 349 1025 458 1108; x_wconf 92' lang='lat' dir='ltr'>potius</span> <span class='ocrx_word' id='word_1_60' title='bbox 486 1027 517 1088; x_wconf 95' lang='lat' dir='ltr'>in</span> <span class='ocrx_word' id='word_1_61' title='bbox 547 1026 700 1107; x_wconf 86' lang='lat' dir='ltr'>ambiguo</span> <span class='ocrx_word' id='word_1_62' title='bbox 730 1026 917 1106; x_wconf 85' lang='lat' dir='ltr'>relinquam,</span> <span class='ocrx_word' id='word_1_63' title='bbox 941 1024 1004 1088; x_wconf 94' lang='lat' dir='ltr'>hoc</span> <span class='ocrx_word' id='word_1_64' title='bbox 1027 1045 1125 1087; x_wconf 92' lang='lat' dir='ltr'>unum</span> <span class='ocrx_word' id='word_1_65' title='bbox 1148 1025 1278 1097; x_wconf 93' lang='lat' dir='ltr'>addens,</span> <span class='ocrx_word' id='word_1_66' title='bbox 1303 1045 1387 1104; x_wconf 89' lang='lat' dir='ltr'>quae</span> <span class='ocrx_word' id='word_1_67' title='bbox 1410 1023 1442 1114; x_wconf 81' lang='lat' dir='ltr'>in</span> 
     </span>
     <span class='ocr_line' id='line_1_8' title="bbox 187 1129 1442 1213; baseline -0.002 -20"><span class='ocrx_word' id='word_1_68' title='bbox 187 1132 293 1213; x_wconf 88' lang='lat' dir='ltr'>priore</span> <span class='ocrx_word' id='word_1_69' title='bbox 322 1130 528 1194; x_wconf 88' lang='lat' dir='ltr'>conclusione</span> <span class='ocrx_word' id='word_1_70' title='bbox 557 1132 589 1194; x_wconf 92' lang='lat' dir='ltr'>in</span> <span class='ocrx_word' id='word_1_71' title='bbox 617 1134 761 1213; x_wconf 86' lang='lat' dir='ltr'>sapiente</span> <span class='ocrx_word' id='word_1_72' title='bbox 783 1131 1011 1213; x_wconf 83' lang='lat' dir='ltr'>praedicantur,</span> <span class='ocrx_word' id='word_1_73' title='bbox 1043 1149 1195 1213; x_wconf 86' lang='lat' dir='ltr'>magnam</span> <span class='ocrx_word' id='word_1_74' title='bbox 1219 1129 1338 1192; x_wconf 89' lang='lat' dir='ltr'>habere</span> <span class='ocrx_word' id='word_1_75' title='bbox 1368 1149 1442 1192; x_wconf 92' lang='lat' dir='ltr'>cum</span> 
     </span>
     <span class='ocr_line' id='line_1_9' title="bbox 187 1234 1440 1317; baseline -0.001 -20"><span class='ocrx_word' id='word_1_76' title='bbox 187 1236 342 1299; x_wconf 93' lang='lat' dir='ltr'>Philoneo</span> <span class='ocrx_word' id='word_1_77' title='bbox 364 1256 513 1299; x_wconf 86' lang='lat' dir='ltr'>sermone</span> <span class='ocrx_word' id='word_1_78' title='bbox 535 1235 779 1312; x_wconf 91' lang='lat' dir='ltr'>similitudinem,</span> <span class='ocrx_word' id='word_1_79' title='bbox 803 1249 838 1301; x_wconf 93' lang='lat' dir='ltr'>ut</span> <span class='ocrx_word' id='word_1_80' title='bbox 853 1235 1055 1317; x_wconf 92' lang='lat' dir='ltr'>compilatori</span> <span class='ocrx_word' id='word_1_81' title='bbox 1070 1235 1238 1298; x_wconf 89' lang='lat' dir='ltr'>tribuenda</span> <span class='ocrx_word' id='word_1_82' title='bbox 1255 1234 1440 1297; x_wconf 92' lang='lat' dir='ltr'>videantur:</span> 
     </span>
     <span class='ocr_line' id='line_1_10' title="bbox 188 1335 1443 1428; baseline -0.004 -24"><span class='ocrx_word' id='word_1_83' title='bbox 188 1362 219 1422; x_wconf 91' lang='lat' dir='ltr'>p.</span> <span class='ocrx_word' id='word_1_84' title='bbox 241 1343 304 1420; x_wconf 88' lang='lat'>462</span> <span class='ocrx_word' id='word_1_85' title='bbox 328 1344 399 1415; x_wconf 82' lang='grc' dir='ltr'><strong><em>τοὺς</em></strong></span> <span class='ocrx_word' id='word_1_86' title='bbox 418 1344 451 1407; x_wconf 80' lang='grc' dir='ltr'><strong><em>δέ</em></strong></span> <span class='ocrx_word' id='word_1_87' title='bbox 467 1345 520 1406; x_wconf 79' lang='grc' dir='ltr'>τὸν</span> <span class='ocrx_word' id='word_1_88' title='bbox 546 1345 675 1428; x_wconf 79' lang='grc' dir='ltr'><strong><em>ἀόρατον</em></strong></span> <span class='ocrx_word' id='word_1_89' title='bbox 702 1351 771 1404; x_wconf 77' lang='grc' dir='ltr'>νοῦν</span> <span class='ocrx_word' id='word_1_90' title='bbox 798 1336 1000 1424; x_wconf 77' lang='grc' dir='ltr'><strong><em>γυμνάζοντας</em></strong></span> <span class='ocrx_word' id='word_1_91' title='bbox 1024 1339 1054 1402; x_wconf 84' lang='grc' dir='ltr'>ἐν</span> <span class='ocrx_word' id='word_1_92' title='bbox 1082 1335 1209 1417; x_wconf 83' lang='grc' dir='ltr'><strong><em>ἐαυτοῖς,</em></strong></span> <span class='ocrx_word' id='word_1_93' title='bbox 1237 1339 1269 1412; x_wconf 84' lang='grc' dir='ltr'>ὃς</span> <span class='ocrx_word' id='word_1_94' title='bbox 1299 1339 1443 1418; x_wconf 77' lang='grc' dir='ltr'><strong><em>ἀψευὸῶς</em></strong></span> 
     </span>
     <span class='ocr_line' id='line_1_11' title="bbox 187 1440 1442 1532; baseline 0 -27"><span class='ocrx_word' id='word_1_95' title='bbox 187 1447 352 1529; x_wconf 71' lang='grc' dir='ltr'><strong><em>ἄνθρωπός</em></strong></span> <span class='ocrx_word' id='word_1_96' title='bbox 380 1449 461 1512; x_wconf 82' lang='grc' dir='ltr'><strong><em>ἐστιν</em></strong></span> <span class='ocrx_word' id='word_1_97' title='bbox 490 1445 570 1511; x_wconf 78' lang='grc' dir='ltr'><strong><em>οἶκον</em></strong></span> <span class='ocrx_word' id='word_1_98' title='bbox 599 1447 809 1532; x_wconf 73' lang='grc' dir='ltr'>ἐπιφερόμενος</span> <span class='ocrx_word' id='word_1_99' title='bbox 839 1448 873 1508; x_wconf 87' lang='grc' dir='ltr'>τὸ</span> <span class='ocrx_word' id='word_1_100' title='bbox 903 1447 1054 1526; x_wconf 73' lang='grc' dir='ltr'>αἰσθητὸν</span> <span class='ocrx_word' id='word_1_101' title='bbox 1076 1440 1161 1518; x_wconf 75' lang='grc' dir='ltr'><strong><em>εἶδος.</em></strong></span> <span class='ocrx_word' id='word_1_102' title='bbox 1207 1446 1296 1508; x_wconf 89' lang='lat' dir='ltr'>Philo</span> <span class='ocrx_word' id='word_1_103' title='bbox 1320 1447 1333 1507; x_wconf 96' lang='grc' dir='ltr'><strong>Ι</strong></span> <span class='ocrx_word' id='word_1_104' title='bbox 1363 1461 1442 1524; x_wconf 81' lang='lat'>301:</span> 
     </span>
     <span class='ocr_line' id='line_1_12' title="bbox 188 1545 1445 1638; baseline -0.002 -27"><span class='ocrx_word' id='word_1_105' title='bbox 188 1552 353 1631; x_wconf 72' lang='grc' dir='ltr'>ἄνθρωπος</span> <span class='ocrx_word' id='word_1_106' title='bbox 376 1554 409 1616; x_wconf 77' lang='grc' dir='ltr'><strong><em>δέ</em></strong></span> <span class='ocrx_word' id='word_1_107' title='bbox 431 1556 447 1615; x_wconf 78' lang='grc' dir='ltr'><strong>ὅ</strong></span> <span class='ocrx_word' id='word_1_108' title='bbox 470 1556 500 1617; x_wconf 82' lang='grc' dir='ltr'>ἐν</span> <span class='ocrx_word' id='word_1_109' title='bbox 522 1551 637 1638; x_wconf 64' lang='grc' dir='ltr'><strong><em>ἑκάστῳ</em></strong></span> <span class='ocrx_word' id='word_1_110' title='bbox 659 1556 745 1633; x_wconf 78' lang='grc' dir='ltr'><em>ἡμῶν</em></span> <span class='ocrx_word' id='word_1_111' title='bbox 766 1553 812 1625; x_wconf 86' lang='grc' dir='ltr'>τίς</span> <span class='ocrx_word' id='word_1_112' title='bbox 833 1549 870 1612; x_wconf 77' lang='lat' dir='ltr'>div</span> <span class='ocrx_word' id='word_1_113' title='bbox 892 1551 937 1631; x_wconf 76' lang='grc' dir='ltr'>εἴη</span> <span class='ocrx_word' id='word_1_114' title='bbox 960 1551 1073 1630; x_wconf 66' lang='lat' dir='ltr'>altpt</span> <span class='ocrx_word' id='word_1_115' title='bbox 1103 1561 1188 1627; x_wconf 82' lang='grc' dir='ltr'><strong><em>νοῦς,·</em></strong></span> <span class='ocrx_word' id='word_1_116' title='bbox 1226 1566 1301 1631; x_wconf 75' lang='lat'><strong>335:</strong></span> <span class='ocrx_word' id='word_1_117' title='bbox 1338 1550 1391 1610; x_wconf 81' lang='grc' dir='ltr'>τὸν</span> <span class='ocrx_word' id='word_1_118' title='bbox 1413 1545 1445 1609; x_wconf 80' lang='grc' dir='ltr'>ἐν</span> 
     </span>
     <span class='ocr_line' id='line_1_13' title="bbox 190 1651 1443 1740; baseline -0.002 -24"><span class='ocrx_word' id='word_1_119' title='bbox 190 1658 263 1735; x_wconf 80' lang='grc' dir='ltr'>ἡμῖν</span> <span class='ocrx_word' id='word_1_120' title='bbox 292 1660 367 1740; x_wconf 85' lang='grc' dir='ltr'><strong><em>πρὸς</em></strong></span> <span class='ocrx_word' id='word_1_121' title='bbox 396 1658 546 1740; x_wconf 71' lang='grc' dir='ltr'>ἀλήθειαν</span> <span class='ocrx_word' id='word_1_122' title='bbox 575 1651 746 1740; x_wconf 70' lang='grc' dir='ltr'><strong><em>ἐίνθρατπου,</em></strong></span> <span class='ocrx_word' id='word_1_123' title='bbox 776 1656 911 1718; x_wconf 72' lang='grc' dir='ltr'><strong><em>τουτέστι</em></strong></span> <span class='ocrx_word' id='word_1_124' title='bbox 942 1658 995 1718; x_wconf 79' lang='grc' dir='ltr'>τὸν</span> <span class='ocrx_word' id='word_1_125' title='bbox 1016 1665 1094 1721; x_wconf 82' lang='grc' dir='ltr'><strong><em>νοῦν.</em></strong></span> <span class='ocrx_word' id='word_1_126' title='bbox 1151 1671 1228 1736; x_wconf 85' lang='lat'>533:</span> <span class='ocrx_word' id='word_1_127' title='bbox 1261 1657 1304 1739; x_wconf 77' lang='grc' dir='ltr'>τῷ</span> <span class='ocrx_word' id='word_1_128' title='bbox 1325 1657 1378 1738; x_wconf 77' lang='grc' dir='ltr'>τῷ,</span> <span class='ocrx_word' id='word_1_129' title='bbox 1401 1654 1443 1728; x_wconf 80' lang='grc' dir='ltr'>ὃς,</span> 
     </span>
     <span class='ocr_line' id='line_1_14' title="bbox 188 1758 1446 1847; baseline -0.002 -25"><span class='ocrx_word' id='word_1_130' title='bbox 188 1763 298 1843; x_wconf 79' lang='grc' dir='ltr'><strong><em>κυρίως</em></strong></span> <span class='ocrx_word' id='word_1_131' title='bbox 320 1765 421 1841; x_wconf 74' lang='grc' dir='ltr'><strong><em>εἰπεῖν,</em></strong></span> <span class='ocrx_word' id='word_1_132' title='bbox 445 1758 608 1847; x_wconf 69' lang='grc' dir='ltr'><strong><em>ἄνθρωπός</em></strong></span> <span class='ocrx_word' id='word_1_133' title='bbox 629 1765 710 1826; x_wconf 84' lang='grc' dir='ltr'><strong><em>ἐστιν</em></strong></span> <span class='ocrx_word' id='word_1_134' title='bbox 731 1763 762 1823; x_wconf 86' lang='grc' dir='ltr'>ἐν</span> <span class='ocrx_word' id='word_1_135' title='bbox 782 1761 947 1846; x_wconf 72' lang='grc' dir='ltr'>ἀνθρώπῳ.</span> <span class='ocrx_word' id='word_1_136' title='bbox 964 1764 1040 1824; x_wconf 91' lang='grc' dir='ltr'>-Ι</span> <span class='ocrx_word' id='word_1_137' title='bbox 1066 1777 1140 1843; x_wconf 88' lang='lat'>197:</span> <span class='ocrx_word' id='word_1_138' title='bbox 1165 1763 1218 1822; x_wconf 80' lang='grc' dir='ltr'>οὐκ</span> <span class='ocrx_word' id='word_1_139' title='bbox 1241 1761 1319 1821; x_wconf 82' lang='grc' dir='ltr'><strong><em>οέκία</em></strong></span> <span class='ocrx_word' id='word_1_140' title='bbox 1342 1768 1446 1839; x_wconf 72' lang='grc' dir='ltr'><strong><em>ψυχῆς</em></strong></span> 
     </span>
     <span class='ocr_line' id='line_1_15' title="bbox 189 1863 1145 1952; baseline 0.001 -26"><span class='ocrx_word' id='word_1_141' title='bbox 189 1867 225 1926; x_wconf 84' lang='grc' dir='ltr'>τὸ</span> <span class='ocrx_word' id='word_1_142' title='bbox 246 1876 351 1947; x_wconf 57' lang='lat' dir='ltr'>oniam</span> <span class='ocrx_word' id='word_1_143' title='bbox 372 1872 445 1951; x_wconf 82' lang='lat'>639.</span> <span class='ocrx_word' id='word_1_144' title='bbox 469 1872 669 1952; x_wconf 75' lang='grc' dir='ltr'><strong><em>τὸνουμφυᾶ</em></strong></span> <span class='ocrx_word' id='word_1_145' title='bbox 690 1877 744 1948; x_wconf 80' lang='grc' dir='ltr'>τῆς</span> <span class='ocrx_word' id='word_1_146' title='bbox 763 1877 867 1947; x_wconf 80' lang='grc' dir='ltr'><strong><em>ψυχῆς</em></strong></span> <span class='ocrx_word' id='word_1_147' title='bbox 888 1863 968 1928; x_wconf 70' lang='grc' dir='ltr'><strong><em>οἷκον</em></strong></span> <span class='ocrx_word' id='word_1_148' title='bbox 989 1867 1025 1929; x_wconf 83' lang='grc' dir='ltr'>τὸ</span> <span class='ocrx_word' id='word_1_149' title='bbox 1048 1877 1145 1946; x_wconf 83' lang='grc' dir='ltr'><strong><em>σῶμα.</em></strong></span> 
     </span>
    </p>

    <p class='ocr_par' dir='ltr' id='par_1_3' title="bbox 277 1970 1445 2056">
     <span class='ocr_line' id='line_1_16' title="bbox 277 1970 1445 2056; baseline -0.001 -23"><span class='ocrx_word' id='word_1_150' title='bbox 277 1973 341 2037; x_wconf 91' lang='lat' dir='ltr'>Iste</span> <span class='ocrx_word' id='word_1_151' title='bbox 373 1987 491 2052; x_wconf 91' lang='lat' dir='ltr'>autem,</span> <span class='ocrx_word' id='word_1_152' title='bbox 524 1997 622 2056; x_wconf 92' lang='lat' dir='ltr'>quem</span> <span class='ocrx_word' id='word_1_153' title='bbox 651 1977 827 2047; x_wconf 86' lang='lat' dir='ltr'>statuimus,</span> <span class='ocrx_word' id='word_1_154' title='bbox 856 1974 935 2036; x_wconf 92' lang='lat' dir='ltr'>liber</span> <span class='ocrx_word' id='word_1_155' title='bbox 964 1976 1029 2053; x_wconf 78' lang='grc' dir='ltr'><strong><em>περὶ</em></strong></span> <span class='ocrx_word' id='word_1_156' title='bbox 1059 1974 1232 2052; x_wconf 69' lang='grc' dir='ltr'><strong><em>ἐλευθερίας</em></strong></span> <span class='ocrx_word' id='word_1_157' title='bbox 1255 1971 1347 2056; x_wconf 85' lang='lat' dir='ltr'>nobis</span> <span class='ocrx_word' id='word_1_158' title='bbox 1381 1970 1445 2033; x_wconf 92' lang='lat' dir='ltr'>iam</span> 
     </span>
    </p>
   </div>
   <div class='ocr_carea' id='block_1_3' title="bbox 189 2075 1588 2162">
    <p class='ocr_par' dir='ltr' id='par_1_4' title="bbox 189 2075 1588 2162">
     <span class='ocr_line' id='line_1_17' title="bbox 189 2075 1588 2162; baseline -0.001 -24"><span class='ocrx_word' id='word_1_159' title='bbox 189 2086 286 2140; x_wconf 89' lang='lat' dir='ltr'>notus</span> <span class='ocrx_word' id='word_1_160' title='bbox 307 2090 371 2143; x_wconf 91' lang='lat' dir='ltr'>est:</span> <span class='ocrx_word' id='word_1_161' title='bbox 396 2101 550 2162; x_wconf 88' lang='lat' dir='ltr'>magnum</span> <span class='ocrx_word' id='word_1_162' title='bbox 566 2081 651 2143; x_wconf 91' lang='lat' dir='ltr'>enim</span> <span class='ocrx_word' id='word_1_163' title='bbox 667 2079 752 2152; x_wconf 91' lang='lat' dir='ltr'>illud,</span> <span class='ocrx_word' id='word_1_164' title='bbox 770 2080 858 2159; x_wconf 92' lang='lat' dir='ltr'>quod</span> <span class='ocrx_word' id='word_1_165' title='bbox 874 2080 904 2141; x_wconf 95' lang='lat' dir='ltr'>in</span> <span class='ocrx_word' id='word_1_166' title='bbox 919 2080 1054 2141; x_wconf 90' lang='lat' dir='ltr'>exordio</span> <span class='ocrx_word' id='word_1_167' title='bbox 1073 2080 1254 2159; x_wconf 87' lang='lat' dir='ltr'>detegimus</span> <span class='ocrx_word' id='word_1_168' title='bbox 1270 2075 1442 2149; x_wconf 87' lang='lat' dir='ltr'>emblema,</span> <span class='ocrx_word' id='word_1_169' title='bbox 1560 2134 1563 2137; x_wconf 78' lang='grc'><strong><em>,</em></strong></span> <span class='ocrx_word' id='word_1_170' title='bbox 1585 2095 1588 2104; x_wconf 81' lang='grc'><strong>’</strong></span> 
     </span>
    </p>
   </div>
   <div class='ocr_carea' id='block_1_4' title="bbox 189 2183 1450 4370">
    <p class='ocr_par' dir='ltr' id='par_1_5' title="bbox 189 2183 1447 3318">
     <span class='ocr_line' id='line_1_18' title="bbox 191 2183 1444 2261; baseline -0.002 -16"><span class='ocrx_word' id='word_1_171' title='bbox 191 2183 279 2261; x_wconf 91' lang='lat' dir='ltr'>quod</span> <span class='ocrx_word' id='word_1_172' title='bbox 308 2195 383 2249; x_wconf 91' lang='lat' dir='ltr'>ante</span> <span class='ocrx_word' id='word_1_173' title='bbox 414 2187 554 2249; x_wconf 88' lang='lat' dir='ltr'>diximus</span> <span class='ocrx_word' id='word_1_174' title='bbox 584 2185 764 2248; x_wconf 91' lang='lat' dir='ltr'>necessario</span> <span class='ocrx_word' id='word_1_175' title='bbox 793 2185 834 2247; x_wconf 92' lang='lat' dir='ltr'>ad</span> <span class='ocrx_word' id='word_1_176' title='bbox 867 2183 983 2245; x_wconf 91' lang='lat' dir='ltr'>librum</span> <span class='ocrx_word' id='word_1_177' title='bbox 1016 2185 1233 2247; x_wconf 87' lang='lat' dir='ltr'>revocandum</span> <span class='ocrx_word' id='word_1_178' title='bbox 1266 2203 1336 2246; x_wconf 90' lang='lat' dir='ltr'>esse</span> <span class='ocrx_word' id='word_1_179' title='bbox 1370 2201 1444 2244; x_wconf 93' lang='lat' dir='ltr'>con·</span> 
     </span>
     <span class='ocr_line' id='line_1_19' title="bbox 190 2285 1443 2372; baseline -0.002 -22"><span class='ocrx_word' id='word_1_180' title='bbox 190 2288 344 2370; x_wconf 89' lang='lat' dir='ltr'>scriptum</span> <span class='ocrx_word' id='word_1_181' title='bbox 374 2292 415 2355; x_wconf 90' lang='lat' dir='ltr'>ad</span> <span class='ocrx_word' id='word_1_182' title='bbox 445 2292 650 2354; x_wconf 92' lang='lat' dir='ltr'>minuendam</span> <span class='ocrx_word' id='word_1_183' title='bbox 680 2290 948 2372; x_wconf 90' lang='lat' dir='ltr'>philosophorum</span> <span class='ocrx_word' id='word_1_184' title='bbox 977 2289 1218 2364; x_wconf 88' lang='lat' dir='ltr'>auctoritatem,</span> <span class='ocrx_word' id='word_1_185' title='bbox 1253 2288 1324 2368; x_wconf 91' lang='lat' dir='ltr'>quis</span> <span class='ocrx_word' id='word_1_186' title='bbox 1355 2285 1443 2348; x_wconf 92' lang='lat' dir='ltr'>dubi·</span> 
     </span>
     <span class='ocr_line' id='line_1_20' title="bbox 189 2392 1445 2476; baseline -0.001 -22"><span class='ocrx_word' id='word_1_187' title='bbox 189 2393 280 2469; x_wconf 93' lang='lat' dir='ltr'>tabit,</span> <span class='ocrx_word' id='word_1_188' title='bbox 307 2398 382 2475; x_wconf 91' lang='lat' dir='ltr'>quin</span> <span class='ocrx_word' id='word_1_189' title='bbox 403 2418 446 2459; x_wconf 91' lang='lat' dir='ltr'>ex</span> <span class='ocrx_word' id='word_1_190' title='bbox 468 2398 585 2460; x_wconf 89' lang='lat' dir='ltr'>eodem</span> <span class='ocrx_word' id='word_1_191' title='bbox 607 2395 689 2458; x_wconf 91' lang='lat' dir='ltr'>libro</span> <span class='ocrx_word' id='word_1_192' title='bbox 711 2396 752 2457; x_wconf 89' lang='lat' dir='ltr'>sit</span> <span class='ocrx_word' id='word_1_193' title='bbox 779 2393 1005 2476; x_wconf 85' lang='lat' dir='ltr'>desumptum?</span> <span class='ocrx_word' id='word_1_194' title='bbox 1048 2395 1097 2457; x_wconf 91' lang='lat' dir='ltr'>Ita</span> <span class='ocrx_word' id='word_1_195' title='bbox 1120 2395 1216 2457; x_wconf 90' lang='lat' dir='ltr'>etiam</span> <span class='ocrx_word' id='word_1_196' title='bbox 1238 2392 1445 2474; x_wconf 87' lang='lat' dir='ltr'>intellegitur,</span> 
     </span>
     <span class='ocr_line' id='line_1_21' title="bbox 190 2497 1443 2584; baseline 0 -25"><span class='ocrx_word' id='word_1_197' title='bbox 190 2519 246 2561; x_wconf 90' lang='lat' dir='ltr'>cur</span> <span class='ocrx_word' id='word_1_198' title='bbox 268 2502 299 2563; x_wconf 91' lang='lat' dir='ltr'>in</span> <span class='ocrx_word' id='word_1_199' title='bbox 322 2503 377 2565; x_wconf 91' lang='lat' dir='ltr'>illo</span> <span class='ocrx_word' id='word_1_200' title='bbox 400 2501 582 2584; x_wconf 81' lang='lat' dir='ltr'>fragmento</span> <span class='ocrx_word' id='word_1_201' title='bbox 604 2502 670 2564; x_wconf 91' lang='lat' dir='ltr'>duo</span> <span class='ocrx_word' id='word_1_202' title='bbox 692 2503 732 2564; x_wconf 92' lang='lat' dir='ltr'>de</span> <span class='ocrx_word' id='word_1_203' title='bbox 754 2499 881 2562; x_wconf 89' lang='lat' dir='ltr'>civitate</span> <span class='ocrx_word' id='word_1_204' title='bbox 903 2498 1063 2562; x_wconf 92' lang='lat' dir='ltr'>bonorum</span> <span class='ocrx_word' id='word_1_205' title='bbox 1086 2498 1311 2579; x_wconf 89' lang='lat' dir='ltr'>malorumque</span> <span class='ocrx_word' id='word_1_206' title='bbox 1336 2497 1443 2572; x_wconf 90' lang='lat' dir='ltr'>exilio,</span> 
     </span>
     <span class='ocr_line' id='line_1_22' title="bbox 189 2604 1443 2686; baseline 0.002 -21"><span class='ocrx_word' id='word_1_207' title='bbox 189 2604 230 2666; x_wconf 92' lang='lat' dir='ltr'>de</span> <span class='ocrx_word' id='word_1_208' title='bbox 260 2605 419 2669; x_wconf 89' lang='lat' dir='ltr'>bonorum</span> <span class='ocrx_word' id='word_1_209' title='bbox 448 2609 564 2671; x_wconf 88' lang='lat' dir='ltr'>divitiis</span> <span class='ocrx_word' id='word_1_210' title='bbox 594 2606 816 2685; x_wconf 87' lang='lat' dir='ltr'>malorumque</span> <span class='ocrx_word' id='word_1_211' title='bbox 846 2613 1036 2686; x_wconf 90' lang='lat' dir='ltr'>paupertate</span> <span class='ocrx_word' id='word_1_212' title='bbox 1069 2605 1238 2685; x_wconf 90' lang='lat' dir='ltr'>paradoxa</span> <span class='ocrx_word' id='word_1_213' title='bbox 1270 2605 1443 2685; x_wconf 86' lang='lat' dir='ltr'>interroga·</span> 
     </span>
     <span class='ocr_line' id='line_1_23' title="bbox 189 2708 1444 2794; baseline 0.002 -24"><span class='ocrx_word' id='word_1_214' title='bbox 189 2709 284 2771; x_wconf 90' lang='lat' dir='ltr'>tionis</span> <span class='ocrx_word' id='word_1_215' title='bbox 307 2710 410 2777; x_wconf 85' lang='lat' dir='ltr'>forma</span> <span class='ocrx_word' id='word_1_216' title='bbox 432 2713 560 2776; x_wconf 91' lang='lat' dir='ltr'>uberius</span> <span class='ocrx_word' id='word_1_217' title='bbox 581 2712 808 2794; x_wconf 88' lang='lat' dir='ltr'>exploduntur,</span> <span class='ocrx_word' id='word_1_218' title='bbox 832 2711 961 2773; x_wconf 88' lang='lat' dir='ltr'>tertium</span> <span class='ocrx_word' id='word_1_219' title='bbox 983 2717 1091 2773; x_wconf 91' lang='lat' dir='ltr'>autem</span> <span class='ocrx_word' id='word_1_220' title='bbox 1114 2711 1202 2790; x_wconf 94' lang='lat' dir='ltr'>quod</span> <span class='ocrx_word' id='word_1_221' title='bbox 1222 2719 1273 2772; x_wconf 91' lang='lat' dir='ltr'>est</span> <span class='ocrx_word' id='word_1_222' title='bbox 1294 2711 1335 2772; x_wconf 93' lang='lat' dir='ltr'>de</span> <span class='ocrx_word' id='word_1_223' title='bbox 1352 2708 1444 2773; x_wconf 90' lang='lat' dir='ltr'>liber-</span> 
     </span>
     <span class='ocr_line' id='line_1_24' title="bbox 190 2814 1444 2898; baseline 0.002 -23"><span class='ocrx_word' id='word_1_224' title='bbox 190 2822 267 2891; x_wconf 88' lang='lat' dir='ltr'>tate,</span> <span class='ocrx_word' id='word_1_225' title='bbox 290 2817 377 2894; x_wconf 92' lang='lat' dir='ltr'>quod</span> <span class='ocrx_word' id='word_1_226' title='bbox 399 2818 496 2879; x_wconf 89' lang='lat' dir='ltr'>etiam</span> <span class='ocrx_word' id='word_1_227' title='bbox 518 2818 690 2880; x_wconf 89' lang='lat' dir='ltr'>mirabilius</span> <span class='ocrx_word' id='word_1_228' title='bbox 712 2836 809 2898; x_wconf 87' lang='lat' dir='ltr'>quam</span> <span class='ocrx_word' id='word_1_229' title='bbox 832 2814 885 2877; x_wconf 90' lang='lat' dir='ltr'>illa</span> <span class='ocrx_word' id='word_1_230' title='bbox 907 2815 1027 2877; x_wconf 90' lang='lat' dir='ltr'>dictum</span> <span class='ocrx_word' id='word_1_231' title='bbox 1049 2825 1107 2890; x_wconf 89' lang='lat' dir='ltr'>est,</span> <span class='ocrx_word' id='word_1_232' title='bbox 1139 2825 1262 2879; x_wconf 87' lang='lat' dir='ltr'>mutata</span> <span class='ocrx_word' id='word_1_233' title='bbox 1291 2815 1444 2878; x_wconf 87' lang='lat' dir='ltr'>orationis</span> 
     </span>
     <span class='ocr_line' id='line_1_25' title="bbox 192 2917 1446 3003; baseline 0.003 -24"><span class='ocrx_word' id='word_1_234' title='bbox 192 2917 295 2982; x_wconf 84' lang='lat' dir='ltr'>forma</span> <span class='ocrx_word' id='word_1_235' title='bbox 317 2922 428 3001; x_wconf 89' lang='lat' dir='ltr'>paucis</span> <span class='ocrx_word' id='word_1_236' title='bbox 450 2923 648 3002; x_wconf 86' lang='lat' dir='ltr'>vituperatur</span> <span class='ocrx_word' id='word_1_237' title='bbox 676 2941 735 2983; x_wconf 91' lang='lat' dir='ltr'>nec</span> <span class='ocrx_word' id='word_1_238' title='bbox 760 2930 828 2982; x_wconf 88' lang='lat' dir='ltr'>tam</span> <span class='ocrx_word' id='word_1_239' title='bbox 857 2920 1010 2996; x_wconf 91' lang='lat' dir='ltr'>irridetur,</span> <span class='ocrx_word' id='word_1_240' title='bbox 1041 2942 1138 3003; x_wconf 88' lang='lat' dir='ltr'>quam</span> <span class='ocrx_word' id='word_1_241' title='bbox 1167 2923 1298 2984; x_wconf 90' lang='lat' dir='ltr'>omnino</span> <span class='ocrx_word' id='word_1_242' title='bbox 1326 2941 1446 3003; x_wconf 91' lang='lat' dir='ltr'>propo-</span> 
     </span>
     <span class='ocr_line' id='line_1_26' title="bbox 192 3024 1446 3108; baseline 0.004 -24"><span class='ocrx_word' id='word_1_243' title='bbox 192 3024 286 3092; x_wconf 86' lang='lat' dir='ltr'>nitur.</span> <span class='ocrx_word' id='word_1_244' title='bbox 329 3025 383 3087; x_wconf 90' lang='lat' dir='ltr'>Ex</span> <span class='ocrx_word' id='word_1_245' title='bbox 405 3027 541 3088; x_wconf 92' lang='lat' dir='ltr'>exordio</span> <span class='ocrx_word' id='word_1_246' title='bbox 565 3026 633 3088; x_wconf 91' lang='lat' dir='ltr'>libri</span> <span class='ocrx_word' id='word_1_247' title='bbox 656 3027 716 3089; x_wconf 90' lang='lat' dir='ltr'>ista</span> <span class='ocrx_word' id='word_1_248' title='bbox 737 3027 908 3107; x_wconf 92' lang='lat' dir='ltr'>desumpta</span> <span class='ocrx_word' id='word_1_249' title='bbox 929 3034 1003 3089; x_wconf 92' lang='lat' dir='ltr'>sunt</span> <span class='ocrx_word' id='word_1_250' title='bbox 1025 3036 1123 3107; x_wconf 94' lang='lat' dir='ltr'>atque</span> <span class='ocrx_word' id='word_1_251' title='bbox 1145 3027 1210 3088; x_wconf 95' lang='lat' dir='ltr'>duo</span> <span class='ocrx_word' id='word_1_252' title='bbox 1233 3027 1340 3108; x_wconf 91' lang='lat' dir='ltr'>priora</span> <span class='ocrx_word' id='word_1_253' title='bbox 1355 3046 1446 3108; x_wconf 89' lang='lat' dir='ltr'>para·</span> 
     </span>
     <span class='ocr_line' id='line_1_27' title="bbox 192 3129 1447 3218; baseline 0.002 -27"><span class='ocrx_word' id='word_1_254' title='bbox 192 3129 281 3192; x_wconf 86' lang='lat' dir='ltr'>doxa</span> <span class='ocrx_word' id='word_1_255' title='bbox 310 3149 349 3192; x_wconf 91' lang='lat' dir='ltr'>ea</span> <span class='ocrx_word' id='word_1_256' title='bbox 377 3130 483 3192; x_wconf 90' lang='lat' dir='ltr'>solum</span> <span class='ocrx_word' id='word_1_257' title='bbox 512 3131 553 3194; x_wconf 95' lang='lat' dir='ltr'>de</span> <span class='ocrx_word' id='word_1_258' title='bbox 582 3151 678 3194; x_wconf 91' lang='lat' dir='ltr'>causa</span> <span class='ocrx_word' id='word_1_259' title='bbox 698 3138 941 3204; x_wconf 77' lang='lat' dir='ltr'>enumerantur,</span> <span class='ocrx_word' id='word_1_260' title='bbox 972 3139 1008 3193; x_wconf 92' lang='lat' dir='ltr'>ut</span> <span class='ocrx_word' id='word_1_261' title='bbox 1037 3133 1078 3194; x_wconf 93' lang='lat' dir='ltr'>ad</span> <span class='ocrx_word' id='word_1_262' title='bbox 1103 3133 1232 3195; x_wconf 91' lang='lat' dir='ltr'>tertium</span> <span class='ocrx_word' id='word_1_263' title='bbox 1256 3134 1380 3218; x_wconf 86' lang='lat' dir='ltr'>ducant,</span> <span class='ocrx_word' id='word_1_264' title='bbox 1406 3131 1447 3193; x_wconf 91' lang='lat' dir='ltr'>de</span> 
     </span>
     <span class='ocr_line' id='line_1_28' title="bbox 193 3234 842 3318; baseline 0.003 -22"><span class='ocrx_word' id='word_1_265' title='bbox 193 3254 260 3314; x_wconf 91' lang='lat' dir='ltr'>quo</span> <span class='ocrx_word' id='word_1_266' title='bbox 281 3234 375 3317; x_wconf 92' lang='lat' dir='ltr'>plura</span> <span class='ocrx_word' id='word_1_267' title='bbox 396 3236 534 3318; x_wconf 90' lang='lat' dir='ltr'>scriptor</span> <span class='ocrx_word' id='word_1_268' title='bbox 556 3238 762 3318; x_wconf 90' lang='lat' dir='ltr'>expositurus</span> <span class='ocrx_word' id='word_1_269' title='bbox 783 3246 842 3299; x_wconf 86' lang='lat' dir='ltr'>est.</span> 
     </span>
    </p>

    <p class='ocr_par' dir='ltr' id='par_1_6' title="bbox 193 3341 1450 4370">
     <span class='ocr_line' id='line_1_29' title="bbox 278 3341 1444 3424; baseline 0.003 -22"><span class='ocrx_word' id='word_1_270' title='bbox 278 3341 336 3403; x_wconf 90' lang='lat' dir='ltr'>His</span> <span class='ocrx_word' id='word_1_271' title='bbox 359 3343 399 3405; x_wconf 91' lang='lat' dir='ltr'>ad</span> <span class='ocrx_word' id='word_1_272' title='bbox 422 3341 567 3404; x_wconf 88' lang='lat' dir='ltr'>ordinem</span> <span class='ocrx_word' id='word_1_273' title='bbox 590 3343 725 3405; x_wconf 91' lang='lat' dir='ltr'>redactis</span> <span class='ocrx_word' id='word_1_274' title='bbox 741 3349 861 3405; x_wconf 90' lang='lat' dir='ltr'>restant</span> <span class='ocrx_word' id='word_1_275' title='bbox 882 3342 970 3404; x_wconf 87' lang='lat' dir='ltr'>Zeno</span> <span class='ocrx_word' id='word_1_276' title='bbox 984 3351 1017 3405; x_wconf 91' lang='lat' dir='ltr'>et</span> <span class='ocrx_word' id='word_1_277' title='bbox 1034 3342 1258 3417; x_wconf 90' lang='lat' dir='ltr'>Anaxarchus,</span> <span class='ocrx_word' id='word_1_278' title='bbox 1275 3351 1444 3424; x_wconf 89' lang='lat' dir='ltr'>praeterea</span> 
     </span>
     <span class='ocr_line' id='line_1_30' title="bbox 194 3445 1447 3528; baseline 0.002 -23"><span class='ocrx_word' id='word_1_279' title='bbox 194 3445 368 3525; x_wconf 84' lang='lat' dir='ltr'>Diogenes,</span> <span class='ocrx_word' id='word_1_280' title='bbox 399 3445 568 3521; x_wconf 87' lang='lat' dir='ltr'>Chaereas,</span> <span class='ocrx_word' id='word_1_281' title='bbox 602 3447 794 3509; x_wconf 91' lang='lat' dir='ltr'>Theodorus</span> <span class='ocrx_word' id='word_1_282' title='bbox 816 3447 936 3528; x_wconf 89' lang='lat' dir='ltr'>quique</span> <span class='ocrx_word' id='word_1_283' title='bbox 958 3448 1000 3510; x_wconf 92' lang='lat' dir='ltr'>ab</span> <span class='ocrx_word' id='word_1_284' title='bbox 1022 3447 1059 3509; x_wconf 93' lang='lat' dir='ltr'>iis</span> <span class='ocrx_word' id='word_1_285' title='bbox 1088 3446 1186 3528; x_wconf 87' lang='lat' dir='ltr'>longe</span> <span class='ocrx_word' id='word_1_286' title='bbox 1214 3457 1357 3510; x_wconf 89' lang='lat' dir='ltr'>remotus</span> <span class='ocrx_word' id='word_1_287' title='bbox 1388 3455 1447 3522; x_wconf 90' lang='lat' dir='ltr'>est,</span> 
     </span>
     <span class='ocr_line' id='line_1_31' title="bbox 194 3550 1449 3632; baseline 0.002 -21"><span class='ocrx_word' id='word_1_288' title='bbox 194 3550 268 3612; x_wconf 86' lang='lat' dir='ltr'>Bias</span> <span class='ocrx_word' id='word_1_289' title='bbox 290 3550 482 3627; x_wconf 87' lang='lat' dir='ltr'>Prienensis,</span> <span class='ocrx_word' id='word_1_290' title='bbox 516 3572 599 3632; x_wconf 92' lang='lat' dir='ltr'>quos</span> <span class='ocrx_word' id='word_1_291' title='bbox 627 3561 703 3632; x_wconf 88' lang='lat' dir='ltr'>apte</span> <span class='ocrx_word' id='word_1_292' title='bbox 731 3552 911 3632; x_wconf 89' lang='lat' dir='ltr'>sapientum</span> <span class='ocrx_word' id='word_1_293' title='bbox 944 3551 1098 3615; x_wconf 90' lang='lat' dir='ltr'>libertatis</span> <span class='ocrx_word' id='word_1_294' title='bbox 1126 3561 1226 3615; x_wconf 90' lang='lat' dir='ltr'>testes</span> <span class='ocrx_word' id='word_1_295' title='bbox 1246 3551 1361 3614; x_wconf 85' lang='lat' dir='ltr'>adferri</span> <span class='ocrx_word' id='word_1_296' title='bbox 1383 3572 1449 3614; x_wconf 92' lang='lat' dir='ltr'>non</span> 
     </span>
     <span class='ocr_line' id='line_1_32' title="bbox 193 3657 1447 3737; baseline 0.002 -20"><span class='ocrx_word' id='word_1_297' title='bbox 193 3663 302 3737; x_wconf 90' lang='lat' dir='ltr'>potest</span> <span class='ocrx_word' id='word_1_298' title='bbox 325 3659 443 3737; x_wconf 85' lang='lat' dir='ltr'>negari.</span> <span class='ocrx_word' id='word_1_299' title='bbox 487 3657 595 3720; x_wconf 92' lang='lat' dir='ltr'>Nihilo</span> <span class='ocrx_word' id='word_1_300' title='bbox 619 3657 722 3718; x_wconf 90' lang='lat' dir='ltr'>minus</span> <span class='ocrx_word' id='word_1_301' title='bbox 744 3665 853 3718; x_wconf 88' lang='lat' dir='ltr'>tamen</span> <span class='ocrx_word' id='word_1_302' title='bbox 876 3676 918 3718; x_wconf 91' lang='lat' dir='ltr'>ex</span> <span class='ocrx_word' id='word_1_303' title='bbox 941 3676 990 3731; x_wconf 93' lang='lat' dir='ltr'>e0,</span> <span class='ocrx_word' id='word_1_304' title='bbox 1015 3677 1111 3737; x_wconf 91' lang='lat' dir='ltr'>quem</span> <span class='ocrx_word' id='word_1_305' title='bbox 1135 3658 1308 3721; x_wconf 89' lang='lat' dir='ltr'>restituturi</span> <span class='ocrx_word' id='word_1_306' title='bbox 1326 3678 1447 3730; x_wconf 92' lang='lat' dir='ltr'>sumus,</span> 
     </span>
     <span class='ocr_line' id='line_1_33' title="bbox 193 3760 1448 3845; baseline 0.002 -23"><span class='ocrx_word' id='word_1_307' title='bbox 193 3760 275 3823; x_wconf 90' lang='lat' dir='ltr'>libro</span> <span class='ocrx_word' id='word_1_308' title='bbox 297 3761 339 3824; x_wconf 93' lang='lat' dir='ltr'>de</span> <span class='ocrx_word' id='word_1_309' title='bbox 360 3762 507 3826; x_wconf 88' lang='lat' dir='ltr'>libertate</span> <span class='ocrx_word' id='word_1_310' title='bbox 529 3763 710 3844; x_wconf 87' lang='lat' dir='ltr'>sapientum</span> <span class='ocrx_word' id='word_1_311' title='bbox 732 3762 918 3824; x_wconf 89' lang='lat' dir='ltr'>removendi</span> <span class='ocrx_word' id='word_1_312' title='bbox 941 3771 1024 3836; x_wconf 89' lang='lat' dir='ltr'>sunt,</span> <span class='ocrx_word' id='word_1_313' title='bbox 1051 3782 1125 3824; x_wconf 93' lang='lat' dir='ltr'>cum</span> <span class='ocrx_word' id='word_1_314' title='bbox 1154 3763 1312 3845; x_wconf 88' lang='lat' dir='ltr'>exemplis</span> <span class='ocrx_word' id='word_1_315' title='bbox 1341 3764 1448 3845; x_wconf 93' lang='lat' dir='ltr'>primo</span> 
     </span>
     <span class='ocr_line' id='line_1_34' title="bbox 194 3865 1449 3950; baseline 0.002 -22"><span class='ocrx_word' id='word_1_316' title='bbox 194 3865 400 3948; x_wconf 89' lang='lat' dir='ltr'>locopositis</span> <span class='ocrx_word' id='word_1_317' title='bbox 422 3877 612 3949; x_wconf 87' lang='lat' dir='ltr'>repugnent.</span> <span class='ocrx_word' id='word_1_318' title='bbox 656 3866 742 3929; x_wconf 91' lang='lat' dir='ltr'>Nam</span> <span class='ocrx_word' id='word_1_319' title='bbox 764 3867 789 3928; x_wconf 94' lang='lat' dir='ltr'>si</span> <span class='ocrx_word' id='word_1_320' title='bbox 812 3875 898 3928; x_wconf 90' lang='lat' dir='ltr'>recte</span> <span class='ocrx_word' id='word_1_321' title='bbox 920 3886 1018 3949; x_wconf 93' lang='lat' dir='ltr'>supra</span> <span class='ocrx_word' id='word_1_322' title='bbox 1046 3867 1253 3930; x_wconf 90' lang='lat' dir='ltr'>iudicavimus</span> <span class='ocrx_word' id='word_1_323' title='bbox 1282 3889 1325 3932; x_wconf 90' lang='lat' dir='ltr'>ex</span> <span class='ocrx_word' id='word_1_324' title='bbox 1348 3867 1449 3950; x_wconf 89' lang='lat' dir='ltr'>expli·</span> 
     </span>
     <span class='ocr_line' id='line_1_35' title="bbox 194 3972 1448 4054; baseline 0.001 -21"><span class='ocrx_word' id='word_1_325' title='bbox 194 3972 329 4047; x_wconf 89' lang='lat' dir='ltr'>catione,</span> <span class='ocrx_word' id='word_1_326' title='bbox 361 3991 444 4052; x_wconf 90' lang='lat' dir='ltr'>quae</span> <span class='ocrx_word' id='word_1_327' title='bbox 473 3973 699 4054; x_wconf 90' lang='lat' dir='ltr'>exemplorum</span> <span class='ocrx_word' id='word_1_328' title='bbox 728 3972 959 4034; x_wconf 90' lang='lat' dir='ltr'>enumerationi</span> <span class='ocrx_word' id='word_1_329' title='bbox 988 3973 1164 4053; x_wconf 89' lang='lat' dir='ltr'>praemissa</span> <span class='ocrx_word' id='word_1_330' title='bbox 1193 3983 1251 4049; x_wconf 92' lang='lat' dir='ltr'>est,</span> <span class='ocrx_word' id='word_1_331' title='bbox 1281 3974 1448 4037; x_wconf 90' lang='lat' dir='ltr'>ludaicum</span> 
     </span>
     <span class='ocr_line' id='line_1_36' title="bbox 194 4075 1449 4160; baseline 0.002 -23"><span class='ocrx_word' id='word_1_332' title='bbox 194 4075 284 4138; x_wconf 92' lang='lat' dir='ltr'>illum</span> <span class='ocrx_word' id='word_1_333' title='bbox 308 4077 414 4141; x_wconf 92' lang='lat' dir='ltr'>locum</span> <span class='ocrx_word' id='word_1_334' title='bbox 437 4097 584 4160; x_wconf 91' lang='lat' dir='ltr'>quaeque</span> <span class='ocrx_word' id='word_1_335' title='bbox 605 4097 648 4139; x_wconf 89' lang='lat' dir='ltr'>ex</span> <span class='ocrx_word' id='word_1_336' title='bbox 671 4097 711 4139; x_wconf 91' lang='lat' dir='ltr'>eo</span> <span class='ocrx_word' id='word_1_337' title='bbox 740 4078 883 4159; x_wconf 91' lang='lat' dir='ltr'>pendent</span> <span class='ocrx_word' id='word_1_338' title='bbox 911 4096 982 4138; x_wconf 90' lang='lat' dir='ltr'>esse</span> <span class='ocrx_word' id='word_1_339' title='bbox 1012 4076 1162 4153; x_wconf 90' lang='lat' dir='ltr'>eicienda,</span> <span class='ocrx_word' id='word_1_340' title='bbox 1194 4079 1372 4141; x_wconf 86' lang='lat' dir='ltr'>necessario</span> <span class='ocrx_word' id='word_1_341' title='bbox 1402 4085 1449 4140; x_wconf 86' lang='lat' dir='ltr'>se·</span> 
     </span>
     <span class='ocr_line' id='line_1_37' title="bbox 196 4182 1449 4265; baseline 0.004 -23"><span class='ocrx_word' id='word_1_342' title='bbox 196 4182 313 4261; x_wconf 86' lang='lat' dir='ltr'>quitur,</span> <span class='ocrx_word' id='word_1_343' title='bbox 346 4191 381 4244; x_wconf 93' lang='lat' dir='ltr'>ut</span> <span class='ocrx_word' id='word_1_344' title='bbox 410 4183 583 4264; x_wconf 90' lang='lat' dir='ltr'>explicatio</span> <span class='ocrx_word' id='word_1_345' title='bbox 615 4183 684 4264; x_wconf 86' lang='lat' dir='ltr'>ipsa</span> <span class='ocrx_word' id='word_1_346' title='bbox 714 4183 755 4245; x_wconf 93' lang='lat' dir='ltr'>ab</span> <span class='ocrx_word' id='word_1_347' title='bbox 784 4182 1014 4264; x_wconf 91' lang='lat' dir='ltr'>interpolatore</span> <span class='ocrx_word' id='word_1_348' title='bbox 1043 4183 1169 4246; x_wconf 88' lang='lat' dir='ltr'>aliunde</span> <span class='ocrx_word' id='word_1_349' title='bbox 1197 4185 1368 4265; x_wconf 90' lang='lat' dir='ltr'>desumpta</span> <span class='ocrx_word' id='word_1_350' title='bbox 1397 4184 1449 4248; x_wconf 90' lang='lat' dir='ltr'>sit.</span> 
     </span>
     <span class='ocr_line' id='line_1_38' title="bbox 197 4285 1450 4370; baseline 0.003 -23"><span class='ocrx_word' id='word_1_351' title='bbox 197 4285 321 4366; x_wconf 85' lang='lat' dir='ltr'>Quodsi</span> <span class='ocrx_word' id='word_1_352' title='bbox 344 4288 506 4369; x_wconf 90' lang='lat' dir='ltr'>exscripta</span> <span class='ocrx_word' id='word_1_353' title='bbox 526 4297 585 4370; x_wconf 87' lang='lat' dir='ltr'>est,</span> <span class='ocrx_word' id='word_1_354' title='bbox 608 4289 676 4350; x_wconf 93' lang='lat' dir='ltr'>sine</span> <span class='ocrx_word' id='word_1_355' title='bbox 698 4288 761 4350; x_wconf 91' lang='lat' dir='ltr'>ulla</span> <span class='ocrx_word' id='word_1_356' title='bbox 784 4289 983 4351; x_wconf 90' lang='lat' dir='ltr'>dubitatione</span> <span class='ocrx_word' id='word_1_357' title='bbox 1012 4289 1054 4351; x_wconf 92' lang='lat' dir='ltr'>ad</span> <span class='ocrx_word' id='word_1_358' title='bbox 1075 4290 1213 4351; x_wconf 92' lang='lat' dir='ltr'>eundem</span> <span class='ocrx_word' id='word_1_359' title='bbox 1244 4287 1376 4361; x_wconf 85' lang='lat' dir='ltr'>fontem,</span> <span class='ocrx_word' id='word_1_360' title='bbox 1407 4289 1450 4352; x_wconf 89' lang='lat' dir='ltr'>ad</span> 
     </span>
    </p>
   </div>
   <div class='ocr_carea' id='block_1_5' title="bbox 0 0 1653 5040">
    <p class='ocr_par' dir='ltr' id='par_1_7' title="bbox 0 0 1653 5040">
     <span class='ocr_line' id='line_1_39' title="bbox 0 0 1653 5040; baseline 0 0"><span class='ocrx_word' id='word_1_361' title='bbox 0 0 1653 5040; x_wconf 95' lang='lat' dir='ltr'> </span> 
     </span>
    </p>
   </div>
  </div>
 </body>
</html>
