3276 5040
825 385 1032 446 ,[6-

297 555 329 617 in
350 554 422 616 'hoc
450 553 532 616 libro
553 553 834 635 Pythagoreorum
856 563 968 616 coetus
991 551 1162 636 ἱερώτατος,
1186 555 1275 637 quod
1290 556 1381 618 Plato
1397 553 1562 637 ἱερώτατος

299 661 358 742 (sic
387 661 472 722 enim
502 679 576 722 cum
605 659 677 722 cod.
701 659 850 722 Mediceo
878 679 938 740 pro
960 657 1163 741 λιγυρώτατος
1193 660 1399 724 scribendum
1421 660 1560 740 videtur)

298 765 427 842 dicitur,
464 766 574 827 tantos
606 764 737 827 Graecis
773 765 913 827 honores
949 764 1087 826 tributos
1119 766 1207 846 apud
1235 765 1403 829 Philonem
1442 764 1559 828 frustra

298 869 502 949 quaesiveris.
546 867 637 954 Ἱερὰς
659 870 688 932 ei
706 869 816 932 Moses
838 878 897 943 est,
919 865 991 950 ἱεροὶ
1013 870 1096 932 sacri
1118 889 1196 932 suae
1212 871 1316 951 gentis
1333 870 1411 934 libri.
1450 869 1558 952 Quan-
1585 936 1588 941 ,

298 993 397 1054 quam
419 994 484 1036 non
507 983 575 1037 tam
597 976 723 1055 ingrato
745 974 853 1036 animo
876 973 942 1048 fuit,
966 981 1001 1036 ut
1022 994 1079 1037 eos
1095 993 1160 1037 non
1174 967 1269 1038 laude
1283 974 1389 1058 aliqua
1405 974 1557 1049 afficeret,

298 1079 386 1160 quod
410 1084 521 1142 tamen
543 1098 673 1160 semper
689 1080 732 1141 ita
747 1077 830 1152 facit,
847 1087 883 1141 ut
897 1098 1017 1141 nomen
1036 1098 1101 1140 non
1116 1078 1234 1141 adiciat
1249 1080 1555 1159 (Lacedaemonios:

297 1185 398 1247 deter.
419 1184 537 1265 potiori
561 1183 740 1246 insidiatur:
763 1182 778 1244 Ι
800 1182 877 1245 216:
902 1179 933 1243 ἵν
955 1206 1013 1244 τινι
1028 1192 1091 1244 τῶν
1104 1184 1323 1263 εὐνομωτάτων
1344 1185 1459 1246 πόλεων
1486 1183 1559 1258 ἔθνος

298 1284 378 1352 εἶναι’
404 1311 498 1372 φασιν
524 1298 669 1350 τοιοῦτον.
718 1289 882 1351 Zenonem
904 1287 1054 1351 Eleatam
1081 1290 1123 1352 ib.
1146 1291 1161 1352 I
1185 1307 1262 1369 224:
1298 1292 1372 1374 φασὶ
1401 1300 1472 1373 γοῦν
1499 1291 1558 1370 ἤδη

299 1396 385 1468 τινὰς
406 1404 468 1456 τῶν
489 1403 592 1477 σοφῶν
620 1391 845 1476 τροχιζομένοτς
873 1416 903 1457 κ.
924 1416 951 1454 τ.
974 1397 1000 1454 λ.
1046 1393 1174 1458 Stoicos
1197 1396 1212 1458 Ι
1238 1412 1311 1477 107:
1348 1393 1377 1457 οἱ
1404 1396 1560 1468 δοκοῦντες

298 1497 410 1584 ἄριστα
436 1505 609 1584 φιλοσοφεῖν
632 1498 748 1582 ἔφασαν
768 1521 795 1560 κ.
811 1521 839 1562 τ.
854 1501 881 1564 λ,
910 1499 989 1578 456:
1013 1501 1103 1561 τοῦτο
1121 1498 1157 1560 δέ
1174 1499 1237 1561 ἐστι
1259 1502 1342 1583 παρὰ
1363 1509 1426 1572 τοῖς
1447 1501 1558 1581 ἄριστα

297 1607 538 1688 φιλοσοφήσασιν
560 1602 706 1691 ᾀδόμενον
728 1602 819 1675 τέλος.
854 1605 931 1683 583:
956 1601 976 1683 ’ἡ
1000 1605 1065 1683 οὐχὶ
1081 1604 1131 1665 καὶ
1146 1603 1234 1686 μέχρι
1250 1615 1303 1666 νῦν
1318 1615 1379 1666 τῶν
1393 1606 1561 1693 φιλοσοφίᾳ

213 1699 216 1701 ’
294 1709 515 1790 τετελεσμένων
531 1710 591 1772 εἶσί
609 1732 695 1786 τινες,
719 1705 751 1769 οἳ
768 1707 884 1790 λέγουσι
907 1734 933 1769 κ,
952 1731 978 1769 τ.
994 1713 1022 1774 λ.
1032 1710 1057 1789 1)
1079 1718 1247 1789 praeterea
1261 1710 1301 1774 cs·
1322 1710 1412 1774 locos
1434 1711 1476 1773 de
1490 1711 1556 1773 Pla-

295 1825 372 1879 tone
396 1815 562 1898 collectos)
586 1823 642 1877 aut
664 1814 690 1876 si
706 1814 810 1888 adicit,
834 1823 903 1877 tum
926 1834 992 1877 non
1006 1815 1075 1896 ipse
1090 1834 1147 1877 eos
1162 1814 1280 1890 laudat,
1303 1817 1361 1878 sed
1375 1817 1462 1897 apud
1480 1837 1556 1879 suos

295 1941 352 1984 eos
383 1941 502 2003 magno
525 1920 648 1983 honore
670 1918 784 1981 florere
806 1919 882 1982 dicit
904 1919 954 1983 vel
977 1920 1041 1982 tale
1062 1919 1181 2000 aliquid
1205 1919 1414 2002 (Heraclitum
1436 1921 1451 1983 Ι
1477 1936 1554 2001 503:

295 2028 330 2088 οὐ
359 2023 442 2087 τοῦτ’
473 2025 557 2095 ἐστινΙ
582 2023 599 2085 ὅ
628 2047 702 2107 φασι
736 2019 875 2105 Ἕλληνες
903 2025 956 2085 τὸν
982 2023 1079 2105 μέγαν
1107 2025 1157 2085 καὶ
1186 2025 1324 2104 ἀοίδιμον
1345 2014 1423 2108 ’παρ’
1452 2030 1555 2100 αὐτοῖς

297 2129 493 2216 Ἡράκλειτον
501 2132 538 2211 ²).
570 2129 737 2192 Socratem
758 2131 865 2210 1629:
885 2131 937 2190 τὸν
952 2129 1063 2212 τρόπον
1077 2139 1183 2191 τοῦτον
1201 2130 1328 2214 Θάρραν
1341 2129 1397 2210 μὲν
1407 2128 1554 2214 Ἑβραῖοι,

293 2237 460 2319 Σωκράτην
481 2231 508 2297 δ’
530 2231 669 2317 Ἕλληνες
698 2235 883 2314 ὀνομάζουσι.
923 2236 972 2296 καὶ
1000 2237 1058 2318 γὰρ
1085 2235 1195 2296 ἐκεῖνον
1217 2235 1381 2318 ἐγγηρᾶσαι
1400 2259 1492 2320 φασιν
1514 2240 1555 2322 τῇ

294 2343 360 2426 περὶ
384 2352 438 2403 τοῦ
457 2345 556 2424 γνῶθι
578 2340 690 2403 σαυτὸν
704 2339 908 2424 ἀκριβεστάτη
923 2339 1050 2420 σκέψει).
1085 2337 1197 2403 Unum
1220 2341 1400 2404 Homerum
1424 2345 1554 2407 nomine

294 2448 461 2511 nominato
491 2447 678 2529 simpliciter
703 2443 815 2508 laudat
841 2445 855 2506 I
881 2461 942 2524 405
973 2442 1150 2527 ὃμίγιστος
1177 2447 1228 2507 καὶ
1257 2446 1465 2526 δοκιμώτατος
1493 2458 1555 2510 τῶν

294 2556 428 2633 ποιητῶν
450 2546 598 2635 Ὅμηρος,
636 2552 667 2613 in
696 2570 763 2630 quo
793 2558 902 2613 tamen
935 2550 996 2613 alia
1027 2570 1078 2612 res
1107 2559 1173 2626 est,
1205 2572 1279 2614 cum
1307 2563 1422 2634 poetas
1443 2554 1554 2617 Iudaei

291 2659 350 2723 sibi
373 2679 439 2723 non
459 2657 695 2721 vindicaverint.

382 2763 448 2827 Sed
469 2763 636 2826 Philonem
663 2760 806 2824 Graecos
835 2781 956 2841 magno
982 2760 1013 2823 in
1041 2760 1165 2823 honore
1193 2759 1344 2824 habuisse
1374 2766 1554 2828 communis

293 2879 345 2933 est
373 2870 494 2949 opinio,
524 2888 607 2950 quae
635 2888 709 2930 cum
737 2866 864 2930 duobus
893 2867 1097 2948 potissimum
1126 2865 1178 2928 vel
1208 2867 1317 2948 potius
1338 2869 1444 2931 solum
1466 2869 1553 2933 libris

254 2970 256 2974 ’
295 2976 422 3050 nitatur,
453 2983 486 3036 et
507 2975 580 3049 hoc,
612 2994 710 3056 quem
739 2992 823 3035 nunc
844 2980 1029 3047 tractamus,
1057 2981 1090 3034 et
1116 2971 1318 3035 sermonibus
1342 2974 1396 3054 qui
1415 2982 1489 3037 sunt
1512 2976 1552 3037 de

297 3080 509 3164 providentia,
541 3080 605 3142 iam
635 3079 711 3160 quid
740 3079 781 3140 de
811 3075 872 3138 illis
900 3077 993 3140 nobis
1021 3078 1176 3155 videatur,
1203 3096 1244 3140 ne
1267 3079 1339 3159 quis
1360 3099 1419 3142 eos
1440 3091 1553 3142 contra

295 3207 356 3249 nos
390 3183 530 3261 adserat,
563 3185 734 3248 dicendum
763 3192 830 3258 est,
860 3201 1045 3264 quanquam
1073 3182 1253 3246 accuratius
1281 3183 1313 3245 in
1339 3204 1397 3247 eos
1423 3205 1489 3248 non
1510 3186 1552 3248 in·

297 3292 495 3374 quisivimus.
541 3289 607 3354 Sed
629 3310 694 3353 non
714 3308 845 3352 necesse
867 3296 917 3351 est
939 3287 1108 3368 diligenter
1128 3289 1353 3369 perquirantur
1374 3291 1416 3352 ad
1439 3291 1471 3353 id
1487 3293 1552 3371 qui·

294 3397 370 3458 dem
396 3395 654 3477 intellegendum
673 3394 842 3468 ¹Philonem
868 3411 980 3456 eorum
1009 3400 1174 3455 auctorem
1204 3412 1269 3455 non
1290 3414 1371 3457 esse.
1415 3394 1472 3458 An
1493 3406 1551 3471 est,

293 3673 336 3713 τις
349 3654 404 3706 τῶν
419 3647 509 3706 πάλαι
521 3652 624 3722 σοφῶν.
643 3651 707 3716 623:
729 3645 765 3709 ὥς
781 3647 845 3703 εἶπέ
853 3666 902 3708 τις.
921 3649 958 3698 ΙΙ.
980 3661 1042 3713 134:
1063 3652 1135 3720 φασὶ
1146 3644 1202 3718 γάρ
1214 3664 1286 3708 τινες
1298 3647 1350 3701 οὐκ
1361 3645 1418 3701 ἀπὸ
1433 3645 1550 3704 σκότου.

294 3743 327 3792 de
347 3750 446 3807 parent.
467 3731 568 3792 ¹colend.
588 3742 621 3791 A.
641 3742 678 3792 Μ.
696 3740 738 3798 26,
759 3739 803 3789 ubi
820 3737 889 3789 idem
906 3737 1020 3787 Platonis
1037 3738 1141 3798 dictum,
1162 3739 1233 3803 quod
1250 3738 1276 3787 in
1288 3738 1338 3787 hoc
1350 3737 1416 3788 libro
1431 3739 1550 3804 adfertur,

293 3825 330 3891 ὦς
342 3831 396 3901 ἔφη
411 3847 459 3889 τις.
489 3830 567 3893 Quod
578 3828 727 3879 Frankelius
744 3827 805 3877 dicit
822 3842 881 3877 eum
898 3827 976 3876 semel
993 3827 1034 3875 vel
1051 3827 1091 3876 bis
1101 3828 1171 3893 apud
1183 3827 1316 3877 Philonem
1328 3821 1449 3900 δόκιμον
1459 3823 1551 3901 ἄνδρα

295 3920 426 3986 appellari,
447 3919 504 3968 illos
521 3918 592 3968 locos
609 3918 731 3982 indagare
748 3932 802 3966 non
819 3915 934 3979 contigit.
1336 3931 1338 3935 ¹

379 4006 402 4075 ¹)
421 4008 460 4057 Ex
477 4008 516 4056 his
534 4007 605 4056 vides
627 4022 686 4055 eum
704 4004 794 4054 Stoicis
817 4003 996 4069 philosophiae
1018 4004 1129 4069 palmam
1154 4003 1285 4062 tribuisse,
1313 4005 1383 4068 quod
1407 4013 1491 4054 tamen
1515 4007 1550 4056 ita

293 4097 495 4162 intellegendum
519 4104 564 4155 est,
593 4104 621 4144 ut
645 4093 734 4159 optimi
756 4093 805 4142 sint
823 4092 888 4141 inter
907 4091 1019 4141 Graecos
1036 4092 1213 4158 philosophos
1233 4107 1293 4141 nam
1310 4107 1370 4141 vera
1388 4092 1509 4158 sapientia
1527 4095 1550 4144 ei

292 4186 361 4242 solus
379 4186 464 4236 Moses
481 4193 536 4235 erat
552 4184 696 4234 instructus.

380 4271 403 4339 ²)
422 4274 504 4323 Zeller
527 4273 595 4323 hunc
616 4273 701 4322 locum
718 4285 771 4319 non
789 4278 856 4319 recte
873 4271 957 4320 attulit
974 4268 1080 4334 (Philos.
1103 4271 1128 4321 d.
1147 4269 1192 4320 Gr.
1210 4269 1250 4317 III
1268 4265 1297 4318 2⁸
1315 4286 1342 4333 p.
1362 4281 1412 4333 343
1431 4270 1491 4320 adn.
1511 4268 1549 4335 7),

293 4379 350 4413 cum
367 4363 403 4420 id,
425 4362 495 4426 quod
513 4361 614 4410 maximi
631 4358 754 4409 momenti
768 4368 816 4419 est,
835 4352 900 4429 παρ’
922 4353 1016 4418 αὐτοῖς
1033 4358 1166 4410 omitteret.
