3276 5040
715 371 925 448 *¹7-

190 536 244 616 qui
271 536 330 598 sibi
364 536 565 617 persuaserit,
598 536 765 598 Philonem
794 557 813 599 a
843 558 878 601 se
901 539 1073 619 impetrare
1096 538 1238 617 potuisse
1260 539 1450 618 praesertim

190 642 221 703 in
243 641 431 719 quaestione
454 641 495 702 de
516 641 717 721 providentia
740 641 942 717 instituenda,
966 650 1001 704 ut
1022 650 1110 704 totus
1133 643 1174 704 ad
1195 641 1394 706 Graecorum
1416 654 1450 706 et

192 744 461 827 philosophorum
492 755 525 808 et
555 755 726 826 poetarum
757 747 981 810 auctoritatem
1003 755 1186 821 recurreret,
1217 756 1253 808 ut
1277 747 1377 810 Mosis
1400 750 1448 811 sui

194 852 225 912 in
248 850 436 932 quaestione
458 850 527 931 ipsa
550 850 636 913 nulla
652 853 774 914 ratione
797 851 915 926 habita,
939 852 1127 914 intransitu
1153 871 1227 915 eum
1254 852 1303 915 bis
1326 874 1448 916 memo·

191 964 285 1031 raret,
309 964 343 1018 ut
364 975 508 1017 summos
533 955 665 1019 Graecis
687 957 827 1019 honores
856 958 1011 1020 tribueret
1040 959 1078 1036 (e.
1102 977 1149 1037 gr.
1173 977 1204 1038 p.
1228 971 1278 1036 79.
1323 956 1448 1021 Parmess

192 1042 281 1123 nides
303 1060 355 1122 alii
378 1061 449 1134 divi,
473 1060 752 1142 Pythagoreorum
775 1072 898 1136 coetus,
922 1062 954 1124 id
978 1062 1083 1143 ipsum
1113 1062 1202 1142 quod
1223 1062 1366 1143 inprimis
1388 1082 1449 1125 nos

190 1167 221 1228 in
243 1164 307 1228 hoc
329 1165 411 1228 libro
433 1165 576 1241 offendit,
605 1156 696 1230 sacer
718 1167 911 1249 appellatur)
933 1185 993 1228 nec
1015 1167 1147 1244 singulis
1168 1166 1283 1241 solum,
1307 1168 1365 1229 sed
1388 1169 1448 1231 toti

191 1268 361 1334 Graeciae?
403 1270 455 1333 De
484 1291 523 1333 ea
552 1273 637 1334 enirn
666 1272 698 1334 in
727 1273 829 1334 altero
857 1271 938 1334 libro
961 1271 1041 1333 haec
1063 1280 1153 1333 sunt:
1187 1271 1306 1335 Euseb.
1330 1293 1445 1355 praep.

190 1374 335 1454 evangel.
359 1396 390 1457 p.
415 1376 476 1455 398
497 1376 527 1438 d.
551 1391 654 1455 3⁸99&
696 1380 759 1455 Τῆς
776 1373 804 1436 δ’
825 1374 968 1447 Ἑλλάδος
984 1377 1019 1435 οὐ
1032 1373 1259 1457 κατηγορητέον,
1276 1377 1318 1449 ὡς
1333 1381 1448 1460 λυπρᾶς

190 1481 241 1540 καλ
258 1479 379 1562 ἀγόνου·
396 1483 472 1540 πολὺ
485 1481 542 1562 γὰρ
561 1482 618 1541 κάν
634 1482 729 1565 ταύτῃ
744 1483 779 1542 τδ
793 1481 969 1562 βαδόγειον.
1003 1473 1086 1540 Εἶδ
1105 1479 1297 1562 ἡβάρβαρος
1312 1481 1447 1564 διαφέρει

190 1591 258 1657 ταῖς
279 1576 461 1668 εὐκαρπίαις,
484 1590 655 1647 πλεονεκτεῖ
671 1585 727 1665 μὲν
748 1594 885 1669 τροφαῖς,
908 1585 1085 1646 ἐλαττοῦται
1107 1583 1140 1646 δὲ
1162 1593 1224 1657 τοῖς
1245 1586 1447 1670 τρεφομένοις,

84 1735 86 1738 >
137 1757 140 1764 ,
190 1677 233 1750 ὧν
262 1689 355 1772 χάριν
389 1688 421 1750 αἱ
452 1692 575 1775 τροφαί.
629 1692 721 1773 Μόνη
756 1693 814 1775 γὰρ
851 1692 869 1771 ἡ
906 1688 1012 1761 Ἑλλὰς
1050 1690 1192 1767 ἀψευδοῦς
1221 1692 1450 1774 άνῦρωπογονεῖ

191 1795 286 1878 φυτόν
305 1794 444 1877 οὐράνιον
464 1798 514 1857 καλ
537 1797 700 1877 βλάστημα
721 1801 808 1858 θεῖον
837 1793 1054 1878 ηκριβωμένον,
1084 1795 1224 1876 λογισμόν
1246 1798 1448 1859 άποτίκτοοσα

189 1901 387 1981 οἰκειούμενον
408 1901 567 1986 έπιστήμη,
615 1903 660 1963 Τὸ
681 1899 710 1963 δ’
730 1901 845 1962 αἴτιον·
869 1900 1028 1980 λεπτότητι
1050 1899 1136 1981 ἀέρος
1150 1901 1169 1978 ἦ
1184 1899 1302 1963 διάνοια
1318 1901 1448 1985 πέφυκεν

190 2009 372 2069 huonon-iac.
402 2044 444 2053 -
472 2007 531 2092 Διό
560 2009 638 2068 κατὰ
666 2008 722 2087 τὴν
751 2007 911 2089 βάρβαρον
940 2004 1009 2085 έρνη
1037 2003 1093 2085 μέν
1112 2013 1179 2077 ταῖς
1204 2008 1376 2090 εὐτροφιάις
1398 2010 1448 2068 καλ

189 2112 312 2192 στελέχη
333 2112 535 2192 περιμήκιοτα
556 2112 606 2173 καὶ
630 2109 713 2197 ζῴων
742 2112 858 2194 ἀλόγων
883 2110 1002 2194 σηόδριι
1032 2111 1071 2171 τὰ
1096 2110 1298 2192 γονιμώτατα,
1329 2122 1398 2173 νοῦν
1418 2110 1447 2174 δ’

189 2218 297 2298 ἥκιστα
325 2219 420 2304 γεννᾷ.
473 2218 614 2281 Haecine
648 2239 712 2299 ego
748 2227 860 2299 putem
896 2217 1066 2279 Philonem
1095 2218 1275 2297 scripsisse,
1308 2219 1446 2280 eundem

190 2324 367 2396 Philonem,
391 2324 445 2405 qui
468 2344 559 2386 suam
581 2333 712 2405 gentem
734 2345 777 2386 ex
800 2323 949 2386 omnibus
970 2320 1273 2384 excellentissimam
1296 2343 1367 2385 esse
1386 2342 1447 2403 pu·

189 2428 288 2502 tabat,
313 2429 366 2510 qui
387 2426 584 2491 Graecorum
605 2430 794 2510 sapientiam
816 2449 859 2491 ex
880 2427 967 2490 libris
987 2446 1064 2489 suae
1086 2426 1191 2507 gentis
1213 2426 1344 2489 fluxisse
1373 2447 1446 2490 con·

189 2532 349 2615 tenditi1)
392 2533 504 2612 Atque
526 2542 561 2596 ut
583 2534 644 2596 alia
667 2533 820 2608 adferam,
844 2535 876 2594 in
898 2533 1014 2615 quibus
1043 2531 1172 2607 offendi,
1205 2533 1293 2614 quod
1323 2532 1354 2595 in
1384 2532 1445 2595 illis

189 2639 276 2701 libris
306 2640 348 2701 ad
375 2638 619 2719 significandum
648 2641 790 2703 divinum
821 2658 940 2700 numen
969 2638 1151 2719 promiscue
1180 2647 1213 2700 et
1234 2639 1313 2700 deus
1336 2647 1369 2699 et
1391 2639 1442 2699 dei

189 2752 391 2825 usurpantur,
414 2744 513 2806 talem
535 2745 733 2826 impietatem
756 2744 922 2807 Philonem
945 2743 1040 2805 anxie
1062 2740 1221 2805 declinare
1250 2763 1347 2824 supra
1369 2743 1445 2804 vidi-

190 2869 276 2927 mus;
300 2858 466 2931 praeterea
488 2860 657 2931 poteratne
675 2849 766 2913 Philo
781 2849 1022 2936 Alexandrinus
1043 2846 1122 2910 haec
1145 2847 1292 2924 scribere,
1313 2847 1447 2911 Aucher

189 2976 221 3037 p.
235 2956 345 3033 83l84:
374 2955 488 3018 »Disce
511 2965 620 3018 tamen
643 2955 730 3036 quod
754 2956 827 3017 dico
849 2954 915 3029 tibi,
938 2953 1061 3027 certius,
1082 2953 1226 3015 civitates
1242 2954 1443 3034 aspiciendo;

189 3061 266 3123 istas
287 3061 371 3123 enim
394 3060 509 3141 singuli
531 3062 691 3143 principes
713 3061 835 3142 antiqui
857 3058 1044 3121 condidere:
1077 3057 1224 3120 Theseus
1239 3057 1388 3141 Athenas
1404 3093 1446 3103 -

189 3175 222 3229 et
236 3165 426 3229 Alexander
442 3167 579 3231 Macedo
602 3167 980 3230 nominatissimam
1003 3162 1304 3225 Alexandriam
1327 3164 1445 3226 iuxta

189 3271 473 3353 Aegyptumi‹
498 3283 668 3355 poteratne
685 3271 776 3334 Philo
791 3271 928 3332 Iudaeus
945 3269 1073 3331 Mosem
1096 3278 1128 3329 et
1150 3268 1287 3329 Iudaeos
1311 3278 1344 3330 ut
1373 3267 1444 3330 alie·

189 3397 249 3439 nos
276 3377 424 3462 homines
450 3377 619 3441 inducere?
627 3379 724 3458 9)-
757 3375 951 3456 Quanquam
971 3373 1030 3456 his,
1055 3393 1138 3454 quae
1162 3372 1260 3434 libros
1283 3373 1353 3434 illos
1376 3392 1444 3453 per-

274 3545 329 3612 ¹)I
349 3559 411 3613 503:
438 3544 471 3600 οὗ
495 3543 569 3601 τοῦτ’
594 3549 668 3602 ἔστιν
693 3545 816 3617 δφασιν
828 3542 956 3611 Ἓλληνες
978 3549 1028 3596 τον
1044 3546 1136 3612 μέγαν
1152 3545 1198 3595 καλ
1217 3539 1353 3612 ἀοίδιμον
1377 3560 1437 3612 παρ

189 3632 284 3696 αὐτοῖς
299 3631 475 3704 Ἡράκλειτον
491 3631 645 3708 κεφάλαιον
660 3637 707 3701 τῆς
725 3634 813 3689 αὐτοῦ
834 3629 1067 3707 προστησάμενον
1091 3634 1262 3702 φιλοσοφίας
1288 3631 1383 3733 αὐχεῖν
1409 3625 1445 3689 ὡς

187 3720 231 3794 ἐφ’
257 3723 362 3793 εὑρέσει
384 3742 483 3799 aarum
517 3724 642 3779 παλαιὸν
668 3745 723 3797 γαρ
746 3725 852 3796 εὕρημα
877 3727 1005 3782 Μωσέως
1029 3722 1089 3774 ἐστὶ
1113 3718 1144 3772 τὸ
1168 3720 1198 3772 ἐκ
1222 3725 1273 3772 τοῦ
1298 3715 1385 3771 αὐτοῦ
1409 3714 1444 3771 τὰ

188 3814 301 3868 ἐναντία
319 3811 471 3884 τμημάτων
489 3809 574 3882 λόγον
592 3816 693 3883 ἔχοντα
712 3809 977 3867 ἅποτελεῖσῦαι-
1001 3810 1079 3875 165·
1103 3803 1145 3861 Εὖ
1169 3803 1251 3860 καλ
1239 3827 1253 3858 ο
1269 3803 1445 3876 Ἡράκλειτος

187 3919 257 3954 κατα
277 3908 359 3956 τοῦτο
377 3906 504 3963 Μωσέως
523 3896 770 3971 anolino-trinacrii
787 3895 918 3972 δόγματι.
937 3901 1005 3969 φησλ
1027 3895 1123 3969 γάρκ.
1116 3899 1195 3950 ...ri
1231 3899 1326 3961 1251.
1346 3891 1395 3965 ἀφ’
1413 3913 1445 3958 ης

187 3993 235 4043 καλ
246 3989 278 4042 τό
290 3988 416 4045 Στωικὸν
430 3987 579 4058 ἐβλάστησε
598 3985 700 4061 δόγμα.
736 3993 747 4041 Ι
768 3991 832 4052 691:
852 3993 963 4057 λέγουσι
981 3982 1035 4058 γὰρ
1053 3988 1090 4054 τῷ
1105 3981 1230 4059 Ἀβρααμ
1245 3988 1273 4037 σί
1284 3977 1443 4040 κατιδόντες

188 4077 275 4133 αὐτοῦ
293 4075 324 4132 τὸ
344 4076 454 4134 αστεῖον
471 4080 599 4146 βασιλευς
617 4099 723 4148 παρα
718 4086 786 4133 θεοῦ
805 4079 831 4132 εί
847 4079 881 4132 σο
900 4073 960 4130 lu‘
947 4094 1022 4145 ημιν,
1041 4073 1135 4148 δόγμα
1153 4077 1292 4144 τιθέμενοι
1307 4077 1365 4131 τοῖς
1379 4074 1444 4140 περὶ

187 4172 361 4239 φιλοσοφίαν
379 4170 622 4241 διατρίβουσιν-
640 4170 672 4220 cl.
694 4171 706 4219 I
725 4169 767 4232 87.

271 4257 455 4326 9)Αοολιειρ.
480 4275 519 4310 11.
557 4260 710 4308 Iudaeorum
734 4258 863 4322 legislator
882 4257 991 4317 Moyses
1010 4270 1036 4318 p.
1057 4266 1089 4316 39
1107 4252 1170 4302 nihil
1193 4251 1241 4299 nisi
1258 4252 1370 4314 Moyses,
1398 4206 1444 4297 sed

187 4350 277 4399 eodem
295 4349 353 4398 loco
372 4350 407 4399 ita
425 4351 457 4398 de
475 4349 575 4398 Iudaeis
593 4347 712 4412 loquitur,
732 4356 759 4396 ut
777 4353 906 4411 appareat,
928 4360 985 4394 eum
1003 4358 1057 4392 non
1068 4358 1157 4392 essem
1170 4357 1200 4390 eo
1213 4355 1330 4389 numero:
1350 4337 1445 4387 Nonne

239 4443 372 4485 Autleld.
