<?xml version="1.0" encoding="UTF-8"?>
<!DOCTYPE html PUBLIC "-//W3C//DTD XHTML 1.0 Transitional//EN"
    "http://www.w3.org/TR/xhtml1/DTD/xhtml1-transitional.dtd">
<html xmlns="http://www.w3.org/1999/xhtml" xml:lang="en" lang="en">
 <head>
  <title>
</title>
<meta http-equiv="Content-Type" content="text/html;charset=utf-8" />
  <meta name='ocr-system' content='tesseract 3.04.00' />
  <meta name='ocr-capabilities' content='ocr_page ocr_carea ocr_par ocr_line ocrx_word'/>
</head>
<body>
  <div class='ocr_page' id='page_1' title='image "./delibroperitoup00ausfgoog_0033.png"; bbox 0 0 3276 5040; ppageno 0'>
   <div class='ocr_carea' id='block_1_1' title="bbox 705 405 919 468">
    <p class='ocr_par' dir='ltr' id='par_1_1' title="bbox 705 405 919 468">
     <span class='ocr_line' id='line_1_1' title="bbox 705 405 919 468; baseline -0.014 -14"><span class='ocrx_word' id='word_1_1' title='bbox 705 405 919 468; x_wconf 74' lang='lat'><strong>-26..</strong></span> 
     </span>
    </p>
   </div>
   <div class='ocr_carea' id='block_1_2' title="bbox 185 573 1497 3807">
    <p class='ocr_par' dir='ltr' id='par_1_2' title="bbox 185 573 1497 2443">
     <span class='ocr_line' id='line_1_2' title="bbox 187 573 1440 658; baseline -0.002 -19"><span class='ocrx_word' id='word_1_2' title='bbox 187 576 345 658; x_wconf 90' lang='lat' dir='ltr'>exemplis</span> <span class='ocrx_word' id='word_1_3' title='bbox 368 576 447 639; x_wconf 92' lang='lat' dir='ltr'>alius</span> <span class='ocrx_word' id='word_1_4' title='bbox 470 573 541 637; x_wconf 82' lang='lat' dir='ltr'>lons</span> <span class='ocrx_word' id='word_1_5' title='bbox 555 575 743 639; x_wconf 90' lang='lat' dir='ltr'>statuendus</span> <span class='ocrx_word' id='word_1_6' title='bbox 765 576 815 637; x_wconf 90' lang='lat' dir='ltr'>sit.</span> <span class='ocrx_word' id='word_1_7' title='bbox 860 575 910 637; x_wconf 89' lang='lat' dir='ltr'>Ne</span> <span class='ocrx_word' id='word_1_8' title='bbox 932 594 1011 637; x_wconf 90' lang='lat' dir='ltr'>vero</span> <span class='ocrx_word' id='word_1_9' title='bbox 1030 575 1201 655; x_wconf 91' lang='lat' dir='ltr'>quisdicat</span> <span class='ocrx_word' id='word_1_10' title='bbox 1216 573 1363 637; x_wconf 90' lang='lat' dir='ltr'>Herculis</span> <span class='ocrx_word' id='word_1_11' title='bbox 1387 595 1440 638; x_wconf 90' lang='lat' dir='ltr'>ex·</span> 
     </span>
     <span class='ocr_line' id='line_1_3' title="bbox 187 679 1441 762; baseline 0 -20"><span class='ocrx_word' id='word_1_12' title='bbox 187 680 329 762; x_wconf 89' lang='lat' dir='ltr'>emplum</span> <span class='ocrx_word' id='word_1_13' title='bbox 360 691 428 744; x_wconf 91' lang='lat' dir='ltr'>tam</span> <span class='ocrx_word' id='word_1_14' title='bbox 458 689 527 743; x_wconf 86' lang='lat' dir='ltr'>arte</span> <span class='ocrx_word' id='word_1_15' title='bbox 554 685 629 744; x_wconf 90' lang='lat' dir='ltr'>cum</span> <span class='ocrx_word' id='word_1_16' title='bbox 659 681 789 742; x_wconf 86' lang='lat' dir='ltr'>Zenone</span> <span class='ocrx_word' id='word_1_17' title='bbox 819 690 852 743; x_wconf 93' lang='lat' dir='ltr'>et</span> <span class='ocrx_word' id='word_1_18' title='bbox 878 679 1095 758; x_wconf 85' lang='lat' dir='ltr'>Anaxarcho,</span> <span class='ocrx_word' id='word_1_19' title='bbox 1133 680 1187 759; x_wconf 93' lang='lat' dir='ltr'>qui</span> <span class='ocrx_word' id='word_1_20' title='bbox 1216 681 1366 759; x_wconf 85' lang='lat' dir='ltr'>proxime</span> <span class='ocrx_word' id='word_1_21' title='bbox 1393 700 1441 742; x_wconf 92' lang='lat' dir='ltr'>se·</span> 
     </span>
     <span class='ocr_line' id='line_1_4' title="bbox 187 784 1440 868; baseline 0 -20"><span class='ocrx_word' id='word_1_22' title='bbox 187 795 335 868; x_wconf 89' lang='lat' dir='ltr'>quuntur,</span> <span class='ocrx_word' id='word_1_23' title='bbox 359 786 540 860; x_wconf 88' lang='lat' dir='ltr'>cohaerere,</span> <span class='ocrx_word' id='word_1_24' title='bbox 564 795 600 848; x_wconf 94' lang='lat' dir='ltr'>ut</span> <span class='ocrx_word' id='word_1_25' title='bbox 622 805 685 848; x_wconf 94' lang='lat' dir='ltr'>una</span> <span class='ocrx_word' id='word_1_26' title='bbox 707 805 781 848; x_wconf 93' lang='lat' dir='ltr'>cum</span> <span class='ocrx_word' id='word_1_27' title='bbox 803 785 863 848; x_wconf 94' lang='lat' dir='ltr'>illis</span> <span class='ocrx_word' id='word_1_28' title='bbox 886 786 927 849; x_wconf 91' lang='lat' dir='ltr'>ab</span> <span class='ocrx_word' id='word_1_29' title='bbox 944 785 1113 867; x_wconf 87' lang='lat' dir='ltr'>exemplis,</span> <span class='ocrx_word' id='word_1_30' title='bbox 1138 804 1220 865; x_wconf 89' lang='lat' dir='ltr'>quae</span> <span class='ocrx_word' id='word_1_31' title='bbox 1235 784 1440 861; x_wconf 90' lang='lat' dir='ltr'>antecedunt,</span> 
     </span>
     <span class='ocr_line' id='line_1_5' title="bbox 186 889 1439 972; baseline -0.002 -19"><span class='ocrx_word' id='word_1_32' title='bbox 186 892 422 972; x_wconf 82' lang='lat' dir='ltr'>segregandum</span> <span class='ocrx_word' id='word_1_33' title='bbox 450 892 499 967; x_wconf 91' lang='lat' dir='ltr'>sit,</span> <span class='ocrx_word' id='word_1_34' title='bbox 526 911 565 953; x_wconf 91' lang='lat' dir='ltr'>ea</span> <span class='ocrx_word' id='word_1_35' title='bbox 587 892 666 972; x_wconf 90' lang='lat' dir='ltr'>ipsa,</span> <span class='ocrx_word' id='word_1_36' title='bbox 698 890 814 970; x_wconf 92' lang='lat' dir='ltr'>quibus</span> <span class='ocrx_word' id='word_1_37' title='bbox 844 892 1091 972; x_wconf 86' lang='lat' dir='ltr'>coniunguntur,</span> <span class='ocrx_word' id='word_1_38' title='bbox 1121 889 1221 952; x_wconf 93' lang='lat' dir='ltr'>verba</span> <span class='ocrx_word' id='word_1_39' title='bbox 1251 889 1439 952; x_wconf 90' lang='lat' dir='ltr'>claudicant.</span> 
     </span>
     <span class='ocr_line' id='line_1_6' title="bbox 189 993 1442 1078; baseline 0.002 -25"><span class='ocrx_word' id='word_1_40' title='bbox 189 993 272 1058; x_wconf 76' lang='lat' dir='ltr'>»Sed</span> <span class='ocrx_word' id='word_1_41' title='bbox 288 994 432 1071; x_wconf 81' lang='lat' dir='ltr'>fortasse,</span> <span class='ocrx_word' id='word_1_42' title='bbox 453 996 562 1077; x_wconf 90' lang='lat' dir='ltr'>inquit,</span> <span class='ocrx_word' id='word_1_43' title='bbox 579 997 730 1059; x_wconf 90' lang='lat' dir='ltr'>obvertat</span> <span class='ocrx_word' id='word_1_44' title='bbox 744 996 814 1078; x_wconf 91' lang='lat' dir='ltr'>quis</span> <span class='ocrx_word' id='word_1_45' title='bbox 829 994 988 1076; x_wconf 87' lang='lat' dir='ltr'>exemplis</span> <span class='ocrx_word' id='word_1_46' title='bbox 1003 995 1148 1068; x_wconf 89' lang='lat' dir='ltr'>heroum,</span> <span class='ocrx_word' id='word_1_47' title='bbox 1170 994 1290 1076; x_wconf 91' lang='lat' dir='ltr'>quippe</span> <span class='ocrx_word' id='word_1_48' title='bbox 1306 996 1442 1057; x_wconf 89' lang='lat' dir='ltr'>deorum</span> 
     </span>
     <span class='ocr_line' id='line_1_7' title="bbox 186 1099 1441 1183; baseline -0.002 -20"><span class='ocrx_word' id='word_1_49' title='bbox 186 1110 257 1163; x_wconf 91' lang='lat' dir='ltr'>satu</span> <span class='ocrx_word' id='word_1_50' title='bbox 281 1101 343 1163; x_wconf 91' lang='lat' dir='ltr'>sint</span> <span class='ocrx_word' id='word_1_51' title='bbox 365 1101 440 1163; x_wconf 90' lang='lat' dir='ltr'>editi</span> <span class='ocrx_word' id='word_1_52' title='bbox 449 1101 484 1183; x_wconf 79' lang='lat'>1),</span> <span class='ocrx_word' id='word_1_53' title='bbox 514 1100 682 1164; x_wconf 93' lang='lat' dir='ltr'>hominum</span> <span class='ocrx_word' id='word_1_54' title='bbox 712 1101 892 1164; x_wconf 88' lang='lat' dir='ltr'>libertatem</span> <span class='ocrx_word' id='word_1_55' title='bbox 923 1120 987 1162; x_wconf 93' lang='lat' dir='ltr'>non</span> <span class='ocrx_word' id='word_1_56' title='bbox 1017 1100 1146 1180; x_wconf 90' lang='lat' dir='ltr'>probari</span> <span class='ocrx_word' id='word_1_57' title='bbox 1155 1099 1189 1179; x_wconf 76' lang='lat'>²).</span> <span class='ocrx_word' id='word_1_58' title='bbox 1235 1099 1309 1161; x_wconf 90' lang='lat' dir='ltr'>Hoc</span> <span class='ocrx_word' id='word_1_59' title='bbox 1330 1119 1441 1161; x_wconf 93' lang='lat' dir='ltr'>conce·</span> 
     </span>
     <span class='ocr_line' id='line_1_8' title="bbox 186 1200 1497 1291; baseline -0.001 -24"><span class='ocrx_word' id='word_1_60' title='bbox 186 1206 328 1268; x_wconf 90' lang='lat' dir='ltr'>dendum</span> <span class='ocrx_word' id='word_1_61' title='bbox 351 1215 409 1283; x_wconf 90' lang='lat' dir='ltr'>est,</span> <span class='ocrx_word' id='word_1_62' title='bbox 432 1206 490 1268; x_wconf 93' lang='lat' dir='ltr'>sed</span> <span class='ocrx_word' id='word_1_63' title='bbox 512 1226 577 1268; x_wconf 92' lang='lat' dir='ltr'>non</span> <span class='ocrx_word' id='word_1_64' title='bbox 605 1207 733 1270; x_wconf 85' lang='lat' dir='ltr'>fuerunt</span> <span class='ocrx_word' id='word_1_65' title='bbox 761 1203 877 1269; x_wconf 86' lang='lat' dir='ltr'>heroes</span> <span class='ocrx_word' id='word_1_66' title='bbox 899 1206 988 1267; x_wconf 90' lang='lat' dir='ltr'>Zeno</span> <span class='ocrx_word' id='word_1_67' title='bbox 1010 1204 1141 1267; x_wconf 88' lang='lat' dir='ltr'>Eleates</span> <span class='ocrx_word' id='word_1_68' title='bbox 1171 1213 1205 1266; x_wconf 92' lang='lat' dir='ltr'>et</span> <span class='ocrx_word' id='word_1_69' title='bbox 1225 1200 1442 1266; x_wconf 86' lang='lat' dir='ltr'>Anaxarchus</span> <span class='ocrx_word' id='word_1_70' title='bbox 1495 1287 1497 1291; x_wconf 11' lang='lat' dir='ltr'>y</span> 
     </span>
     <span class='ocr_line' id='line_1_9' title="bbox 185 1308 1443 1392; baseline -0.002 -19"><span class='ocrx_word' id='word_1_71' title='bbox 185 1321 265 1378; x_wconf 78' lang='lat' dir='ltr'>etc«</span> <span class='ocrx_word' id='word_1_72' title='bbox 313 1311 404 1374; x_wconf 93' lang='lat' dir='ltr'>Haec</span> <span class='ocrx_word' id='word_1_73' title='bbox 426 1311 470 1374; x_wconf 91' lang='lat' dir='ltr'>ita</span> <span class='ocrx_word' id='word_1_74' title='bbox 491 1321 565 1374; x_wconf 92' lang='lat' dir='ltr'>sunt</span> <span class='ocrx_word' id='word_1_75' title='bbox 586 1312 681 1386; x_wconf 91' lang='lat' dir='ltr'>dicta,</span> <span class='ocrx_word' id='word_1_76' title='bbox 705 1313 796 1392; x_wconf 86' lang='lat' dir='ltr'>quasi</span> <span class='ocrx_word' id='word_1_77' title='bbox 811 1321 887 1374; x_wconf 89' lang='lat' dir='ltr'>ante</span> <span class='ocrx_word' id='word_1_78' title='bbox 907 1310 1053 1373; x_wconf 91' lang='lat' dir='ltr'>Herculis</span> <span class='ocrx_word' id='word_1_79' title='bbox 1082 1309 1270 1390; x_wconf 89' lang='lat' dir='ltr'>exemplum</span> <span class='ocrx_word' id='word_1_80' title='bbox 1298 1308 1443 1372; x_wconf 89' lang='lat' dir='ltr'>adlatum</span> 
     </span>
     <span class='ocr_line' id='line_1_10' title="bbox 185 1414 1442 1495; baseline -0.001 -18"><span class='ocrx_word' id='word_1_81' title='bbox 185 1425 279 1482; x_wconf 90' lang='lat' dir='ltr'>esset.</span> <span class='ocrx_word' id='word_1_82' title='bbox 325 1414 399 1490; x_wconf 88' lang='lat' dir='ltr'>Sed,</span> <span class='ocrx_word' id='word_1_83' title='bbox 426 1435 538 1477; x_wconf 88' lang='lat' dir='ltr'>verum</span> <span class='ocrx_word' id='word_1_84' title='bbox 561 1415 587 1478; x_wconf 96' lang='lat' dir='ltr'>si</span> <span class='ocrx_word' id='word_1_85' title='bbox 612 1417 747 1495; x_wconf 88' lang='lat' dir='ltr'>quaeris,</span> <span class='ocrx_word' id='word_1_86' title='bbox 771 1436 835 1479; x_wconf 93' lang='lat' dir='ltr'>non</span> <span class='ocrx_word' id='word_1_87' title='bbox 858 1415 1015 1478; x_wconf 90' lang='lat' dir='ltr'>Hercules</span> <span class='ocrx_word' id='word_1_88' title='bbox 1036 1414 1077 1486; x_wconf 81' lang='grc' dir='ltr'>εἲς</span> <span class='ocrx_word' id='word_1_89' title='bbox 1091 1414 1193 1474; x_wconf 77' lang='grc' dir='ltr'><strong><em>πίστιν</em></strong></span> <span class='ocrx_word' id='word_1_90' title='bbox 1215 1415 1305 1476; x_wconf 91' lang='lat' dir='ltr'>testis</span> <span class='ocrx_word' id='word_1_91' title='bbox 1327 1414 1442 1476; x_wconf 92' lang='lat' dir='ltr'>citatus</span> 
     </span>
     <span class='ocr_line' id='line_1_11' title="bbox 186 1518 1441 1603; baseline -0.002 -19"><span class='ocrx_word' id='word_1_92' title='bbox 186 1531 244 1597; x_wconf 84' lang='lat' dir='ltr'>est,</span> <span class='ocrx_word' id='word_1_93' title='bbox 278 1522 336 1584; x_wconf 88' lang='lat' dir='ltr'>sed</span> <span class='ocrx_word' id='word_1_94' title='bbox 358 1520 518 1602; x_wconf 88' lang='lat' dir='ltr'>Euripidis</span> <span class='ocrx_word' id='word_1_95' title='bbox 540 1528 594 1600; x_wconf 79' lang='grc' dir='ltr'>τῆς</span> <span class='ocrx_word' id='word_1_96' title='bbox 614 1529 676 1582; x_wconf 78' lang='grc' dir='ltr'>τῶν</span> <span class='ocrx_word' id='word_1_97' title='bbox 696 1521 867 1582; x_wconf 72' lang='grc' dir='ltr'><em>σπουδαίων</em></span> <span class='ocrx_word' id='word_1_98' title='bbox 890 1518 1063 1603; x_wconf 69' lang='grc' dir='ltr'><strong><em>ἐλευθερίας</em></strong></span> <span class='ocrx_word' id='word_1_99' title='bbox 1091 1520 1243 1601; x_wconf 84' lang='grc' dir='ltr'><strong><em>μαρτυρία</em></strong></span> <span class='ocrx_word' id='word_1_100' title='bbox 1265 1520 1441 1600; x_wconf 85' lang='lat' dir='ltr'>proposita.</span> 
     </span>
     <span class='ocr_line' id='line_1_12' title="bbox 190 1623 1441 1707; baseline -0.002 -19"><span class='ocrx_word' id='word_1_101' title='bbox 190 1623 402 1707; x_wconf 89' lang='lat' dir='ltr'>Compilatori</span> <span class='ocrx_word' id='word_1_102' title='bbox 438 1625 533 1706; x_wconf 84' lang='lat' dir='ltr'>igitur</span> <span class='ocrx_word' id='word_1_103' title='bbox 569 1626 628 1688; x_wconf 90' lang='lat' dir='ltr'>iste</span> <span class='ocrx_word' id='word_1_104' title='bbox 656 1627 807 1688; x_wconf 86' lang='lat' dir='ltr'>transitus</span> <span class='ocrx_word' id='word_1_105' title='bbox 836 1625 1023 1688; x_wconf 89' lang='lat' dir='ltr'>tribuendus</span> <span class='ocrx_word' id='word_1_106' title='bbox 1053 1633 1119 1698; x_wconf 90' lang='lat' dir='ltr'>est,</span> <span class='ocrx_word' id='word_1_107' title='bbox 1165 1644 1270 1705; x_wconf 90' lang='lat' dir='ltr'>neque</span> <span class='ocrx_word' id='word_1_108' title='bbox 1298 1623 1441 1705; x_wconf 87' lang='lat' dir='ltr'>impedit,</span> 
     </span>
     <span class='ocr_line' id='line_1_13' title="bbox 188 1728 1441 1813; baseline -0.002 -21"><span class='ocrx_word' id='word_1_109' title='bbox 188 1732 276 1813; x_wconf 94' lang='lat' dir='ltr'>quod</span> <span class='ocrx_word' id='word_1_110' title='bbox 299 1729 524 1812; x_wconf 89' lang='lat' dir='ltr'>exemplorum</span> <span class='ocrx_word' id='word_1_111' title='bbox 547 1731 648 1792; x_wconf 91' lang='lat' dir='ltr'>ordini</span> <span class='ocrx_word' id='word_1_112' title='bbox 671 1731 802 1793; x_wconf 92' lang='lat' dir='ltr'>omnino</span> <span class='ocrx_word' id='word_1_113' title='bbox 825 1751 890 1793; x_wconf 91' lang='lat' dir='ltr'>non</span> <span class='ocrx_word' id='word_1_114' title='bbox 913 1730 1096 1811; x_wconf 86' lang='lat' dir='ltr'>respondet,</span> <span class='ocrx_word' id='word_1_115' title='bbox 1113 1729 1264 1810; x_wconf 91' lang='lat' dir='ltr'>quoniam</span> <span class='ocrx_word' id='word_1_116' title='bbox 1280 1728 1441 1810; x_wconf 89' lang='lat' dir='ltr'>exempla,</span> 
     </span>
     <span class='ocr_line' id='line_1_14' title="bbox 187 1833 1443 1918; baseline -0.002 -19"><span class='ocrx_word' id='word_1_117' title='bbox 187 1855 271 1918; x_wconf 90' lang='lat' dir='ltr'>quae</span> <span class='ocrx_word' id='word_1_118' title='bbox 293 1845 367 1898; x_wconf 91' lang='lat' dir='ltr'>ante</span> <span class='ocrx_word' id='word_1_119' title='bbox 389 1835 563 1898; x_wconf 88' lang='lat' dir='ltr'>Herculem</span> <span class='ocrx_word' id='word_1_120' title='bbox 585 1845 765 1898; x_wconf 87' lang='lat' dir='ltr'>memorata</span> <span class='ocrx_word' id='word_1_121' title='bbox 787 1845 870 1912; x_wconf 89' lang='lat' dir='ltr'>sunt,</span> <span class='ocrx_word' id='word_1_122' title='bbox 894 1836 1001 1897; x_wconf 91' lang='lat' dir='ltr'>omnia</span> <span class='ocrx_word' id='word_1_123' title='bbox 1024 1853 1067 1895; x_wconf 86' lang='lat' dir='ltr'>ex</span> <span class='ocrx_word' id='word_1_124' title='bbox 1083 1833 1265 1896; x_wconf 92' lang='lat' dir='ltr'>hominibus</span> <span class='ocrx_word' id='word_1_125' title='bbox 1294 1842 1369 1896; x_wconf 92' lang='lat' dir='ltr'>sunt</span> <span class='ocrx_word' id='word_1_126' title='bbox 1391 1834 1443 1896; x_wconf 90' lang='lat' dir='ltr'>de-</span> 
     </span>
     <span class='ocr_line' id='line_1_15' title="bbox 186 1938 1441 2021; baseline -0.002 -19"><span class='ocrx_word' id='word_1_127' title='bbox 186 1949 331 2021; x_wconf 92' lang='lat' dir='ltr'>sumpta:</span> <span class='ocrx_word' id='word_1_128' title='bbox 355 1960 429 2002; x_wconf 91' lang='lat' dir='ltr'>nam</span> <span class='ocrx_word' id='word_1_129' title='bbox 444 1940 561 2003; x_wconf 89' lang='lat' dir='ltr'>talibus</span> <span class='ocrx_word' id='word_1_130' title='bbox 577 1960 651 2003; x_wconf 91' lang='lat' dir='ltr'>eum</span> <span class='ocrx_word' id='word_1_131' title='bbox 674 1940 829 2021; x_wconf 89' lang='lat' dir='ltr'>scrupulis</span> <span class='ocrx_word' id='word_1_132' title='bbox 852 1941 1027 2002; x_wconf 91' lang='lat' dir='ltr'>immunem</span> <span class='ocrx_word' id='word_1_133' title='bbox 1046 1938 1142 2001; x_wconf 86' lang='lat' dir='ltr'>fuisse</span> <span class='ocrx_word' id='word_1_134' title='bbox 1159 1947 1191 2001; x_wconf 91' lang='lat' dir='ltr'>et</span> <span class='ocrx_word' id='word_1_135' title='bbox 1205 1949 1280 2001; x_wconf 88' lang='lat' dir='ltr'>ante</span> <span class='ocrx_word' id='word_1_136' title='bbox 1294 1939 1441 2014; x_wconf 90' lang='lat' dir='ltr'>vidimus,</span> 
     </span>
     <span class='ocr_line' id='line_1_16' title="bbox 186 2042 1441 2125; baseline -0.002 -17"><span class='ocrx_word' id='word_1_137' title='bbox 186 2065 260 2108; x_wconf 92' lang='lat' dir='ltr'>cum</span> <span class='ocrx_word' id='word_1_138' title='bbox 282 2046 324 2107; x_wconf 93' lang='lat' dir='ltr'>de</span> <span class='ocrx_word' id='word_1_139' title='bbox 345 2046 488 2120; x_wconf 87' lang='lat' dir='ltr'>transitu,</span> <span class='ocrx_word' id='word_1_140' title='bbox 513 2065 578 2125; x_wconf 95' lang='lat' dir='ltr'>quo</span> <span class='ocrx_word' id='word_1_141' title='bbox 602 2042 741 2108; x_wconf 90' lang='lat' dir='ltr'>Calanus</span> <span class='ocrx_word' id='word_1_142' title='bbox 766 2046 806 2107; x_wconf 93' lang='lat' dir='ltr'>ad</span> <span class='ocrx_word' id='word_1_143' title='bbox 828 2047 969 2108; x_wconf 90' lang='lat' dir='ltr'>Essaeos</span> <span class='ocrx_word' id='word_1_144' title='bbox 992 2045 1179 2119; x_wconf 88' lang='lat' dir='ltr'>adnectitur,</span> <span class='ocrx_word' id='word_1_145' title='bbox 1195 2045 1441 2125; x_wconf 69' lang='lat' dir='ltr'>disputaremus</span> 
     </span>
     <span class='ocr_line' id='line_1_17' title="bbox 187 2148 1443 2232; baseline -0.002 -20"><span class='ocrx_word' id='word_1_146' title='bbox 187 2159 220 2212; x_wconf 92' lang='lat' dir='ltr'>et</span> <span class='ocrx_word' id='word_1_147' title='bbox 242 2159 318 2232; x_wconf 93' lang='lat' dir='ltr'>post</span> <span class='ocrx_word' id='word_1_148' title='bbox 339 2150 529 2213; x_wconf 89' lang='lat' dir='ltr'>videbimus.</span> <span class='ocrx_word' id='word_1_149' title='bbox 574 2150 648 2213; x_wconf 91' lang='lat' dir='ltr'>Una</span> <span class='ocrx_word' id='word_1_150' title='bbox 668 2161 776 2213; x_wconf 90' lang='lat' dir='ltr'>autem</span> <span class='ocrx_word' id='word_1_151' title='bbox 800 2171 873 2212; x_wconf 93' lang='lat' dir='ltr'>cum</span> <span class='ocrx_word' id='word_1_152' title='bbox 898 2152 962 2214; x_wconf 94' lang='lat' dir='ltr'>hoc</span> <span class='ocrx_word' id='word_1_153' title='bbox 991 2151 1124 2213; x_wconf 89' lang='lat' dir='ltr'>transitu</span> <span class='ocrx_word' id='word_1_154' title='bbox 1155 2149 1252 2211; x_wconf 91' lang='lat' dir='ltr'>etiam</span> <span class='ocrx_word' id='word_1_155' title='bbox 1283 2148 1443 2212; x_wconf 89' lang='lat' dir='ltr'>exclama·</span> 
     </span>
     <span class='ocr_line' id='line_1_18' title="bbox 185 2247 1443 2336; baseline -0.002 -19"><span class='ocrx_word' id='word_1_156' title='bbox 185 2256 305 2318; x_wconf 91' lang='lat' dir='ltr'>tionem</span> <span class='ocrx_word' id='word_1_157' title='bbox 335 2255 422 2318; x_wconf 86' lang='lat' dir='ltr'>illam</span> <span class='ocrx_word' id='word_1_158' title='bbox 452 2265 528 2336; x_wconf 91' lang='lat' dir='ltr'>post</span> <span class='ocrx_word' id='word_1_159' title='bbox 550 2255 687 2318; x_wconf 89' lang='lat' dir='ltr'>Zenonis</span> <span class='ocrx_word' id='word_1_160' title='bbox 702 2254 962 2336; x_wconf 77' lang='lat' dir='ltr'>Anaxarchique</span> <span class='ocrx_word' id='word_1_161' title='bbox 991 2255 1157 2336; x_wconf 89' lang='lat' dir='ltr'>exempla:</span> <span class='ocrx_word' id='word_1_162' title='bbox 1189 2247 1278 2314; x_wconf 79' lang='grc' dir='ltr'><strong><em>αὗται</em></strong></span> <span class='ocrx_word' id='word_1_163' title='bbox 1300 2253 1443 2335; x_wconf 74' lang='grc' dir='ltr'><strong><em>γέμουσαι</em></strong></span> 
     </span>
     <span class='ocr_line' id='line_1_19' title="bbox 186 2357 1311 2443; baseline -0.001 -22"><span class='ocrx_word' id='word_1_164' title='bbox 186 2360 323 2443; x_wconf 72' lang='grc' dir='ltr'><strong><em>θράσους</em></strong></span> <span class='ocrx_word' id='word_1_165' title='bbox 345 2357 376 2420; x_wconf 79' lang='grc' dir='ltr'>αἱ</span> <span class='ocrx_word' id='word_1_166' title='bbox 396 2361 550 2437; x_wconf 81' lang='grc' dir='ltr'><strong><em>εὐτολμίαι</em></strong></span> <span class='ocrx_word' id='word_1_167' title='bbox 570 2383 597 2424; x_wconf 88' lang='grc' dir='ltr'>κ.</span> <span class='ocrx_word' id='word_1_168' title='bbox 611 2383 638 2425; x_wconf 85' lang='grc' dir='ltr'>τ.</span> <span class='ocrx_word' id='word_1_169' title='bbox 656 2365 681 2425; x_wconf 90' lang='grc' dir='ltr'>λ.</span> <span class='ocrx_word' id='word_1_170' title='bbox 705 2362 734 2423; x_wconf 89' lang='lat' dir='ltr'>ei</span> <span class='ocrx_word' id='word_1_171' title='bbox 756 2360 992 2424; x_wconf 89' lang='lat' dir='ltr'>attribuendam</span> <span class='ocrx_word' id='word_1_172' title='bbox 1015 2381 1087 2423; x_wconf 89' lang='lat' dir='ltr'>esse</span> <span class='ocrx_word' id='word_1_173' title='bbox 1109 2360 1311 2440; x_wconf 85' lang='lat' dir='ltr'>intellegitur.</span> 
     </span>
    </p>

    <p class='ocr_par' dir='ltr' id='par_1_3' title="bbox 187 2464 1443 3807">
     <span class='ocr_line' id='line_1_20' title="bbox 271 2464 1442 2548; baseline -0.001 -21"><span class='ocrx_word' id='word_1_174' title='bbox 271 2465 345 2527; x_wconf 92' lang='lat' dir='ltr'>Hoc</span> <span class='ocrx_word' id='word_1_175' title='bbox 374 2466 469 2546; x_wconf 87' lang='lat' dir='ltr'>igitur</span> <span class='ocrx_word' id='word_1_176' title='bbox 498 2466 637 2546; x_wconf 91' lang='lat' dir='ltr'>primum</span> <span class='ocrx_word' id='word_1_177' title='bbox 668 2475 725 2541; x_wconf 91' lang='lat' dir='ltr'>est,</span> <span class='ocrx_word' id='word_1_178' title='bbox 750 2467 838 2548; x_wconf 90' lang='lat' dir='ltr'>quod</span> <span class='ocrx_word' id='word_1_179' title='bbox 860 2475 1044 2540; x_wconf 87' lang='lat' dir='ltr'>teneamus,</span> <span class='ocrx_word' id='word_1_180' title='bbox 1075 2486 1122 2540; x_wconf 92' lang='lat' dir='ltr'>ea,</span> <span class='ocrx_word' id='word_1_181' title='bbox 1155 2485 1236 2546; x_wconf 83' lang='lat' dir='ltr'>quae</span> <span class='ocrx_word' id='word_1_182' title='bbox 1266 2474 1342 2546; x_wconf 89' lang='lat' dir='ltr'>post</span> <span class='ocrx_word' id='word_1_183' title='bbox 1363 2464 1442 2527; x_wconf 90' lang='lat' dir='ltr'>Her-</span> 
     </span>
     <span class='ocr_line' id='line_1_21' title="bbox 187 2570 1442 2652; baseline -0.001 -19"><span class='ocrx_word' id='word_1_184' title='bbox 187 2570 292 2633; x_wconf 91' lang='lat' dir='ltr'>culem</span> <span class='ocrx_word' id='word_1_185' title='bbox 314 2580 539 2652; x_wconf 91' lang='lat' dir='ltr'>proponuntur</span> <span class='ocrx_word' id='word_1_186' title='bbox 561 2571 721 2652; x_wconf 86' lang='lat' dir='ltr'>exempla,</span> <span class='ocrx_word' id='word_1_187' title='bbox 750 2571 859 2645; x_wconf 87' lang='lat' dir='ltr'>abiis,</span> <span class='ocrx_word' id='word_1_188' title='bbox 888 2591 972 2651; x_wconf 87' lang='lat' dir='ltr'>quae</span> <span class='ocrx_word' id='word_1_189' title='bbox 1001 2572 1202 2645; x_wconf 87' lang='lat' dir='ltr'>antecedunt,</span> <span class='ocrx_word' id='word_1_190' title='bbox 1234 2590 1305 2633; x_wconf 90' lang='lat' dir='ltr'>esse</span> <span class='ocrx_word' id='word_1_191' title='bbox 1334 2589 1442 2651; x_wconf 86' lang='lat' dir='ltr'>segre·</span> 
     </span>
     <span class='ocr_line' id='line_1_22' title="bbox 187 2673 1443 2759; baseline -0.001 -22"><span class='ocrx_word' id='word_1_192' title='bbox 187 2676 302 2754; x_wconf 84' lang='lat' dir='ltr'>ganda.</span> <span class='ocrx_word' id='word_1_193' title='bbox 349 2673 415 2737; x_wconf 90' lang='lat' dir='ltr'>Sed</span> <span class='ocrx_word' id='word_1_194' title='bbox 443 2675 506 2738; x_wconf 94' lang='lat' dir='ltr'>hoc</span> <span class='ocrx_word' id='word_1_195' title='bbox 534 2696 599 2738; x_wconf 93' lang='lat' dir='ltr'>non</span> <span class='ocrx_word' id='word_1_196' title='bbox 629 2675 765 2738; x_wconf 91' lang='lat' dir='ltr'>multum</span> <span class='ocrx_word' id='word_1_197' title='bbox 794 2674 996 2759; x_wconf 87' lang='lat' dir='ltr'>proficimus,</span> <span class='ocrx_word' id='word_1_198' title='bbox 1026 2696 1100 2737; x_wconf 89' lang='lat' dir='ltr'>cum</span> <span class='ocrx_word' id='word_1_199' title='bbox 1127 2675 1158 2737; x_wconf 93' lang='lat' dir='ltr'>in</span> <span class='ocrx_word' id='word_1_200' title='bbox 1187 2676 1297 2750; x_wconf 89' lang='lat' dir='ltr'>altera,</span> <span class='ocrx_word' id='word_1_201' title='bbox 1335 2683 1370 2736; x_wconf 92' lang='lat' dir='ltr'>ut</span> <span class='ocrx_word' id='word_1_202' title='bbox 1399 2676 1443 2737; x_wconf 91' lang='lat' dir='ltr'>ita</span> 
     </span>
     <span class='ocr_line' id='line_1_23' title="bbox 190 2780 1442 2863; baseline 0 -20"><span class='ocrx_word' id='word_1_203' title='bbox 190 2780 362 2862; x_wconf 86' lang='lat' dir='ltr'>appellem,</span> <span class='ocrx_word' id='word_1_204' title='bbox 386 2781 611 2861; x_wconf 88' lang='lat' dir='ltr'>exemplorum</span> <span class='ocrx_word' id='word_1_205' title='bbox 634 2790 725 2862; x_wconf 92' lang='lat' dir='ltr'>parte</span> <span class='ocrx_word' id='word_1_206' title='bbox 748 2781 860 2860; x_wconf 86' lang='lat' dir='ltr'>ingens</span> <span class='ocrx_word' id='word_1_207' title='bbox 882 2783 1026 2842; x_wconf 92' lang='lat' dir='ltr'>omnium</span> <span class='ocrx_word' id='word_1_208' title='bbox 1049 2802 1154 2843; x_wconf 89' lang='lat' dir='ltr'>rerum</span> <span class='ocrx_word' id='word_1_209' title='bbox 1170 2783 1211 2844; x_wconf 93' lang='lat' dir='ltr'>sit</span> <span class='ocrx_word' id='word_1_210' title='bbox 1226 2781 1442 2863; x_wconf 84' lang='lat' dir='ltr'>perturbatio:</span> 
     </span>
     <span class='ocr_line' id='line_1_24' title="bbox 188 2883 1443 2974; baseline 0.002 -28"><span class='ocrx_word' id='word_1_211' title='bbox 188 2905 292 2974; x_wconf 90' lang='lat' dir='ltr'>neque</span> <span class='ocrx_word' id='word_1_212' title='bbox 326 2885 410 2946; x_wconf 89' lang='lat' dir='ltr'>enim</span> <span class='ocrx_word' id='word_1_213' title='bbox 445 2884 550 2947; x_wconf 91' lang='lat' dir='ltr'>solum</span> <span class='ocrx_word' id='word_1_214' title='bbox 584 2884 736 2966; x_wconf 75' lang='lat' dir='ltr'>exempla</span> <span class='ocrx_word' id='word_1_215' title='bbox 762 2883 983 2965; x_wconf 88' lang='lat' dir='ltr'>proferuntur,</span> <span class='ocrx_word' id='word_1_216' title='bbox 1014 2887 1071 2950; x_wconf 91' lang='lat' dir='ltr'>sed</span> <span class='ocrx_word' id='word_1_217' title='bbox 1101 2887 1322 2949; x_wconf 88' lang='lat' dir='ltr'>conclusiones</span> <span class='ocrx_word' id='word_1_218' title='bbox 1351 2906 1443 2966; x_wconf 88' lang='lat' dir='ltr'>argu·</span> 
     </span>
     <span class='ocr_line' id='line_1_25' title="bbox 188 2989 1443 3055; baseline 0.001 -3"><span class='ocrx_word' id='word_1_219' title='bbox 188 2999 297 3053; x_wconf 90' lang='lat' dir='ltr'>menta</span> <span class='ocrx_word' id='word_1_220' title='bbox 319 2989 560 3052; x_wconf 88' lang='lat' dir='ltr'>adhortationes</span> <span class='ocrx_word' id='word_1_221' title='bbox 582 2989 670 3052; x_wconf 92' lang='lat' dir='ltr'>nullo</span> <span class='ocrx_word' id='word_1_222' title='bbox 693 2991 921 3052; x_wconf 87' lang='lat' dir='ltr'>sententiarum</span> <span class='ocrx_word' id='word_1_223' title='bbox 948 2993 1057 3054; x_wconf 90' lang='lat' dir='ltr'>ordine</span> <span class='ocrx_word' id='word_1_224' title='bbox 1087 3001 1121 3055; x_wconf 91' lang='lat' dir='ltr'>et</span> <span class='ocrx_word' id='word_1_225' title='bbox 1149 3012 1235 3054; x_wconf 89' lang='lat' dir='ltr'>nexu</span> <span class='ocrx_word' id='word_1_226' title='bbox 1258 2992 1443 3054; x_wconf 86' lang='lat' dir='ltr'>intermixta</span> 
     </span>
     <span class='ocr_line' id='line_1_26' title="bbox 188 3094 1442 3178; baseline -0.002 -21"><span class='ocrx_word' id='word_1_227' title='bbox 188 3105 278 3158; x_wconf 92' lang='lat' dir='ltr'>sunt:</span> <span class='ocrx_word' id='word_1_228' title='bbox 311 3095 387 3177; x_wconf 93' lang='lat' dir='ltr'>quin</span> <span class='ocrx_word' id='word_1_229' title='bbox 410 3094 562 3175; x_wconf 88' lang='lat' dir='ltr'>exempla</span> <span class='ocrx_word' id='word_1_230' title='bbox 584 3096 665 3157; x_wconf 91' lang='lat' dir='ltr'>inter</span> <span class='ocrx_word' id='word_1_231' title='bbox 688 3115 722 3156; x_wconf 88' lang='lat' dir='ltr'>se</span> <span class='ocrx_word' id='word_1_232' title='bbox 751 3115 882 3176; x_wconf 90' lang='lat' dir='ltr'>prorsus</span> <span class='ocrx_word' id='word_1_233' title='bbox 912 3106 985 3158; x_wconf 89' lang='lat' dir='ltr'>sunt</span> <span class='ocrx_word' id='word_1_234' title='bbox 1014 3098 1182 3159; x_wconf 92' lang='lat' dir='ltr'>contraria.</span> <span class='ocrx_word' id='word_1_235' title='bbox 1228 3097 1280 3159; x_wconf 84' lang='lat' dir='ltr'>Ac</span> <span class='ocrx_word' id='word_1_236' title='bbox 1301 3097 1442 3178; x_wconf 91' lang='lat' dir='ltr'>primum</span> 
     </span>
     <span class='ocr_line' id='line_1_27' title="bbox 189 3199 1443 3282; baseline -0.001 -19"><span class='ocrx_word' id='word_1_237' title='bbox 189 3200 327 3279; x_wconf 92' lang='lat' dir='ltr'>quidem,</span> <span class='ocrx_word' id='word_1_238' title='bbox 351 3210 387 3261; x_wconf 91' lang='lat' dir='ltr'>ut</span> <span class='ocrx_word' id='word_1_239' title='bbox 409 3199 507 3262; x_wconf 90' lang='lat' dir='ltr'>chaos</span> <span class='ocrx_word' id='word_1_240' title='bbox 530 3201 571 3262; x_wconf 86' lang='lat' dir='ltr'>ad</span> <span class='ocrx_word' id='word_1_241' title='bbox 594 3201 738 3269; x_wconf 89' lang='lat' dir='ltr'>ordinem</span> <span class='ocrx_word' id='word_1_242' title='bbox 761 3201 904 3274; x_wconf 91' lang='lat' dir='ltr'>ducatur,</span> <span class='ocrx_word' id='word_1_243' title='bbox 926 3203 1034 3264; x_wconf 89' lang='lat' dir='ltr'>omnia</span> <span class='ocrx_word' id='word_1_244' title='bbox 1055 3221 1093 3263; x_wconf 92' lang='lat' dir='ltr'>ea</span> <span class='ocrx_word' id='word_1_245' title='bbox 1116 3220 1333 3282; x_wconf 69' lang='lat' dir='ltr'>segregemus</span> <span class='ocrx_word' id='word_1_246' title='bbox 1358 3221 1443 3281; x_wconf 89' lang='lat' dir='ltr'>quae</span> 
     </span>
     <span class='ocr_line' id='line_1_28' title="bbox 188 3305 1443 3387; baseline 0 -21"><span class='ocrx_word' id='word_1_247' title='bbox 188 3306 269 3367; x_wconf 89' lang='lat' dir='ltr'>inter</span> <span class='ocrx_word' id='word_1_248' title='bbox 292 3305 444 3386; x_wconf 89' lang='lat' dir='ltr'>exempla</span> <span class='ocrx_word' id='word_1_249' title='bbox 467 3306 588 3367; x_wconf 92' lang='lat' dir='ltr'>nullum</span> <span class='ocrx_word' id='word_1_250' title='bbox 611 3305 731 3368; x_wconf 90' lang='lat' dir='ltr'>habent</span> <span class='ocrx_word' id='word_1_251' title='bbox 754 3305 870 3380; x_wconf 88' lang='lat' dir='ltr'>locum,</span> <span class='ocrx_word' id='word_1_252' title='bbox 899 3326 982 3387; x_wconf 89' lang='lat' dir='ltr'>quae</span> <span class='ocrx_word' id='word_1_253' title='bbox 1011 3327 1087 3369; x_wconf 90' lang='lat' dir='ltr'>sane</span> <span class='ocrx_word' id='word_1_254' title='bbox 1110 3307 1210 3369; x_wconf 92' lang='lat' dir='ltr'>multa</span> <span class='ocrx_word' id='word_1_255' title='bbox 1240 3315 1322 3369; x_wconf 91' lang='lat' dir='ltr'>sunt.</span> <span class='ocrx_word' id='word_1_256' title='bbox 1368 3306 1443 3367; x_wconf 94' lang='lat' dir='ltr'>Huc</span> 
     </span>
     <span class='ocr_line' id='line_1_29' title="bbox 190 3408 1443 3492; baseline 0.002 -22"><span class='ocrx_word' id='word_1_257' title='bbox 190 3410 286 3490; x_wconf 82' lang='lat' dir='ltr'>igitur</span> <span class='ocrx_word' id='word_1_258' title='bbox 317 3408 482 3471; x_wconf 84' lang='lat' dir='ltr'>referenda</span> <span class='ocrx_word' id='word_1_259' title='bbox 509 3421 558 3472; x_wconf 89' lang='lat' dir='ltr'>est</span> <span class='ocrx_word' id='word_1_260' title='bbox 585 3429 638 3482; x_wconf 88' lang='lat' dir='ltr'>ea,</span> <span class='ocrx_word' id='word_1_261' title='bbox 663 3430 746 3489; x_wconf 89' lang='lat' dir='ltr'>quae</span> <span class='ocrx_word' id='word_1_262' title='bbox 769 3430 800 3490; x_wconf 90' lang='lat' dir='ltr'>p.</span> <span class='ocrx_word' id='word_1_263' title='bbox 823 3411 886 3486; x_wconf 80' lang='lat'>466</span> <span class='ocrx_word' id='word_1_264' title='bbox 915 3422 991 3492; x_wconf 93' lang='lat' dir='ltr'>post</span> <span class='ocrx_word' id='word_1_265' title='bbox 1018 3412 1123 3492; x_wconf 85' lang='lat' dir='ltr'>gallos</span> <span class='ocrx_word' id='word_1_266' title='bbox 1149 3413 1343 3492; x_wconf 86' lang='lat' dir='ltr'>gallinaceos</span> <span class='ocrx_word' id='word_1_267' title='bbox 1371 3431 1443 3491; x_wconf 89' lang='lat' dir='ltr'>pro-</span> 
     </span>
     <span class='ocr_line' id='line_1_30' title="bbox 188 3511 1443 3600; baseline -0.001 -24"><span class='ocrx_word' id='word_1_268' title='bbox 188 3516 318 3596; x_wconf 81' lang='lat' dir='ltr'>ponitur</span> <span class='ocrx_word' id='word_1_269' title='bbox 340 3515 518 3576; x_wconf 89' lang='lat' dir='ltr'>conclusio:</span> <span class='ocrx_word' id='word_1_270' title='bbox 543 3516 593 3574; x_wconf 78' lang='grc' dir='ltr'>καὶ</span> <span class='ocrx_word' id='word_1_271' title='bbox 615 3515 677 3593; x_wconf 83' lang='grc' dir='ltr'>μὴν</span> <span class='ocrx_word' id='word_1_272' title='bbox 691 3511 754 3574; x_wconf 71' lang='grc' dir='ltr'>οὐδ’</span> <span class='ocrx_word' id='word_1_273' title='bbox 770 3515 863 3576; x_wconf 73' lang='grc' dir='ltr'><strong><em>ἐκεῖνο</em></strong></span> <span class='ocrx_word' id='word_1_274' title='bbox 879 3514 924 3588; x_wconf 76' lang='grc' dir='ltr'>’τις</span> <span class='ocrx_word' id='word_1_275' title='bbox 940 3526 1001 3576; x_wconf 81' lang='grc' dir='ltr'>τῶν</span> <span class='ocrx_word' id='word_1_276' title='bbox 1016 3517 1063 3577; x_wconf 78' lang='grc' dir='ltr'>ἐπὶ</span> <span class='ocrx_word' id='word_1_277' title='bbox 1081 3520 1182 3600; x_wconf 73' lang='grc' dir='ltr'><strong><em>βραχὺ</em></strong></span> <span class='ocrx_word' id='word_1_278' title='bbox 1196 3517 1334 3588; x_wconf 74' lang='grc' dir='ltr'><strong><em>παιδείας</em></strong></span> <span class='ocrx_word' id='word_1_279' title='bbox 1355 3517 1443 3593; x_wconf 79' lang='grc' dir='ltr'><strong><em>ἁψα-</em></strong></span> 
     </span>
     <span class='ocr_line' id='line_1_31' title="bbox 187 3618 1441 3702; baseline 0.002 -23"><span class='ocrx_word' id='word_1_280' title='bbox 187 3618 285 3698; x_wconf 76' lang='grc' dir='ltr'><strong><em>μένων</em></strong></span> <span class='ocrx_word' id='word_1_281' title='bbox 306 3623 406 3701; x_wconf 77' lang='grc' dir='ltr'><strong><em>ἀγνοεῖ</em></strong></span> <span class='ocrx_word' id='word_1_282' title='bbox 425 3642 452 3685; x_wconf 85' lang='grc' dir='ltr'>ιι,</span> <span class='ocrx_word' id='word_1_283' title='bbox 476 3642 502 3683; x_wconf 81' lang='grc' dir='ltr'>τ.</span> <span class='ocrx_word' id='word_1_284' title='bbox 525 3624 553 3684; x_wconf 90' lang='grc' dir='ltr'>λ.</span> <span class='ocrx_word' id='word_1_285' title='bbox 574 3620 688 3682; x_wconf 91' lang='lat' dir='ltr'>deinde</span> <span class='ocrx_word' id='word_1_286' title='bbox 709 3640 755 3695; x_wconf 92' lang='lat' dir='ltr'>ea,</span> <span class='ocrx_word' id='word_1_287' title='bbox 780 3641 862 3702; x_wconf 92' lang='lat' dir='ltr'>quae</span> <span class='ocrx_word' id='word_1_288' title='bbox 885 3632 961 3702; x_wconf 91' lang='lat' dir='ltr'>post</span> <span class='ocrx_word' id='word_1_289' title='bbox 983 3621 1093 3702; x_wconf 85' lang='lat' dir='ltr'>Argus</span> <span class='ocrx_word' id='word_1_290' title='bbox 1112 3622 1201 3683; x_wconf 90' lang='lat' dir='ltr'>navis</span> <span class='ocrx_word' id='word_1_291' title='bbox 1224 3621 1441 3684; x_wconf 86' lang='lat' dir='ltr'>laudationem</span> 
     </span>
     <span class='ocr_line' id='line_1_32' title="bbox 189 3723 1443 3807; baseline -0.002 -20"><span class='ocrx_word' id='word_1_292' title='bbox 189 3726 326 3806; x_wconf 89' lang='lat' dir='ltr'>abrupte</span> <span class='ocrx_word' id='word_1_293' title='bbox 349 3724 458 3804; x_wconf 91' lang='lat' dir='ltr'>incipit</span> <span class='ocrx_word' id='word_1_294' title='bbox 479 3723 671 3802; x_wconf 88' lang='lat' dir='ltr'>adhortatio,</span> <span class='ocrx_word' id='word_1_295' title='bbox 703 3745 786 3805; x_wconf 90' lang='lat' dir='ltr'>quae</span> <span class='ocrx_word' id='word_1_296' title='bbox 810 3735 859 3787; x_wconf 89' lang='lat' dir='ltr'>est</span> <span class='ocrx_word' id='word_1_297' title='bbox 881 3746 901 3788; x_wconf 94' lang='lat' dir='ltr'>a</span> <span class='ocrx_word' id='word_1_298' title='bbox 921 3726 1027 3788; x_wconf 89' lang='lat' dir='ltr'>verbis</span> <span class='ocrx_word' id='word_1_299' title='bbox 1056 3726 1101 3807; x_wconf 80' lang='lat' dir='ltr'>(p.</span> <span class='ocrx_word' id='word_1_300' title='bbox 1124 3727 1200 3806; x_wconf 82' lang='lat'><strong>468)</strong></span> <span class='ocrx_word' id='word_1_301' title='bbox 1232 3726 1443 3787; x_wconf 76' lang='grc' dir='ltr'><strong><em>ἐπαιατάσεωι</em></strong></span> 
     </span>
    </p>
   </div>
   <div class='ocr_carea' id='block_1_3' title="bbox 187 3935 1444 4449">
    <p class='ocr_par' dir='ltr' id='par_1_4' title="bbox 187 3935 1444 4273">
     <span class='ocr_line' id='line_1_33' title="bbox 274 3935 1444 4003; baseline 0 -17"><span class='ocrx_word' id='word_1_302' title='bbox 274 3935 298 4002; x_wconf 90' lang='lat'>1)</span> <span class='ocrx_word' id='word_1_303' title='bbox 316 3935 434 3986; x_wconf 89' lang='lat' dir='ltr'>Similiter</span> <span class='ocrx_word' id='word_1_304' title='bbox 453 3936 541 3985; x_wconf 91' lang='lat' dir='ltr'>Cicero</span> <span class='ocrx_word' id='word_1_305' title='bbox 560 3936 592 3985; x_wconf 89' lang='lat' dir='ltr'>de</span> <span class='ocrx_word' id='word_1_306' title='bbox 610 3937 655 3987; x_wconf 82' lang='lat' dir='ltr'>off.</span> <span class='ocrx_word' id='word_1_307' title='bbox 677 3939 690 3986; x_wconf 95' lang='grc' dir='ltr'>Ι</span> <span class='ocrx_word' id='word_1_308' title='bbox 711 3937 767 4000; x_wconf 90' lang='lat'>118,</span> <span class='ocrx_word' id='word_1_309' title='bbox 787 3945 922 4003; x_wconf 87' lang='lat' dir='ltr'>postquam</span> <span class='ocrx_word' id='word_1_310' title='bbox 942 3939 1078 3989; x_wconf 91' lang='lat' dir='ltr'>Herculem</span> <span class='ocrx_word' id='word_1_311' title='bbox 1100 3939 1213 3988; x_wconf 87' lang='lat' dir='ltr'>laudavit</span> <span class='ocrx_word' id='word_1_312' title='bbox 1237 3955 1250 3987; x_wconf 90' lang='lat' dir='ltr'>e</span> <span class='ocrx_word' id='word_1_313' title='bbox 1275 3939 1373 3988; x_wconf 87' lang='lat' dir='ltr'>duabus</span> <span class='ocrx_word' id='word_1_314' title='bbox 1394 3938 1444 3986; x_wconf 92' lang='lat' dir='ltr'>illis</span> 
     </span>
     <span class='ocr_line' id='line_1_34' title="bbox 188 4024 1443 4092; baseline -0.001 -18"><span class='ocrx_word' id='word_1_315' title='bbox 188 4024 236 4074; x_wconf 86' lang='lat' dir='ltr'>viis</span> <span class='ocrx_word' id='word_1_316' title='bbox 254 4025 359 4075; x_wconf 83' lang='lat' dir='ltr'>Virtutis</span> <span class='ocrx_word' id='word_1_317' title='bbox 376 4025 444 4073; x_wconf 87' lang='lat' dir='ltr'>viam</span> <span class='ocrx_word' id='word_1_318' title='bbox 462 4024 612 4088; x_wconf 85' lang='lat' dir='ltr'>eligentem:</span> <span class='ocrx_word' id='word_1_319' title='bbox 636 4026 685 4075; x_wconf 93' lang='lat' dir='ltr'>hoc</span> <span class='ocrx_word' id='word_1_320' title='bbox 703 4026 817 4086; x_wconf 90' lang='lat' dir='ltr'>Herculi,</span> <span class='ocrx_word' id='word_1_321' title='bbox 847 4028 916 4076; x_wconf 87' lang='lat' dir='ltr'>Iovis</span> <span class='ocrx_word' id='word_1_322' title='bbox 938 4036 994 4076; x_wconf 77' lang='lat' dir='ltr'>satu</span> <span class='ocrx_word' id='word_1_323' title='bbox 1016 4028 1094 4088; x_wconf 86' lang='lat' dir='ltr'>edito,</span> <span class='ocrx_word' id='word_1_324' title='bbox 1120 4026 1203 4092; x_wconf 87' lang='lat' dir='ltr'>potuit</span> <span class='ocrx_word' id='word_1_325' title='bbox 1220 4028 1326 4076; x_wconf 80' lang='lat' dir='ltr'>sortasse</span> <span class='ocrx_word' id='word_1_326' title='bbox 1345 4026 1443 4075; x_wconf 84' lang='lat' dir='ltr'>contin·</span> 
     </span>
     <span class='ocr_line' id='line_1_35' title="bbox 187 4109 1444 4184; baseline 0.001 -22"><span class='ocrx_word' id='word_1_327' title='bbox 187 4129 256 4177; x_wconf 87' lang='lat' dir='ltr'>gere,</span> <span class='ocrx_word' id='word_1_328' title='bbox 277 4114 351 4162; x_wconf 92' lang='lat' dir='ltr'>nobis</span> <span class='ocrx_word' id='word_1_329' title='bbox 368 4129 421 4162; x_wconf 93' lang='lat' dir='ltr'>non</span> <span class='ocrx_word' id='word_1_330' title='bbox 434 4112 493 4162; x_wconf 85' lang='lat' dir='ltr'>item</span> <span class='ocrx_word' id='word_1_331' title='bbox 506 4121 554 4162; x_wconf 88' lang='lat' dir='ltr'>etc.</span> <span class='ocrx_word' id='word_1_332' title='bbox 579 4111 657 4175; x_wconf 86' lang='lat' dir='ltr'>(Max.</span> <span class='ocrx_word' id='word_1_333' title='bbox 671 4115 760 4178; x_wconf 88' lang='lat' dir='ltr'>Tyrius</span> <span class='ocrx_word' id='word_1_334' title='bbox 779 4115 819 4163; x_wconf 93' lang='lat' dir='ltr'>III</span> <span class='ocrx_word' id='word_1_335' title='bbox 837 4114 852 4164; x_wconf 94' lang='lat'><em>8</em></span> <span class='ocrx_word' id='word_1_336' title='bbox 868 4118 904 4166; x_wconf 86' lang='grc' dir='ltr'>Τί</span> <span class='ocrx_word' id='word_1_337' title='bbox 914 4115 985 4183; x_wconf 75' lang='grc' dir='ltr'>λέγω</span> <span class='ocrx_word' id='word_1_338' title='bbox 998 4109 1139 4167; x_wconf 83' lang='grc' dir='ltr'><strong><em>Διόνυσον</em></strong></span> <span class='ocrx_word' id='word_1_339' title='bbox 1151 4109 1168 4178; x_wconf 84' lang='grc' dir='ltr'><em>ἢ</em></span> <span class='ocrx_word' id='word_1_340' title='bbox 1179 4110 1331 4184; x_wconf 57' lang='lat' dir='ltr'>‘Herculem</span> <span class='ocrx_word' id='word_1_341' title='bbox 1348 4116 1444 4180; x_wconf 73' lang='grc' dir='ltr'><strong><em>μῦθοι</em></strong></span> 
     </span>
     <span class='ocr_line' id='line_1_36' title="bbox 188 4195 881 4273; baseline 0.004 -21"><span class='ocrx_word' id='word_1_342' title='bbox 188 4206 285 4262; x_wconf 78' lang='grc' dir='ltr'><strong><em>ταῦτα,</em></strong></span> <span class='ocrx_word' id='word_1_343' title='bbox 305 4195 410 4273; x_wconf 82' lang='grc' dir='ltr'><strong><em>ἧρωϊκὰ</em></strong></span> <span class='ocrx_word' id='word_1_344' title='bbox 428 4206 524 4254; x_wconf 82' lang='grc' dir='ltr'><strong><em>ταῦτα.</em></strong></span> <span class='ocrx_word' id='word_1_345' title='bbox 563 4195 620 4252; x_wconf 86' lang='grc' dir='ltr'>Τὸν</span> <span class='ocrx_word' id='word_1_346' title='bbox 637 4196 770 4273; x_wconf 77' lang='grc' dir='ltr'><em>Σωκράτη</em></span> <span class='ocrx_word' id='word_1_347' title='bbox 790 4202 881 4271; x_wconf 74' lang='grc' dir='ltr'><strong><em>λέγω.)</em></strong></span> 
     </span>
    </p>

    <p class='ocr_par' dir='ltr' id='par_1_5' title="bbox 188 4285 1443 4449">
     <span class='ocr_line' id='line_1_37' title="bbox 274 4285 1443 4362; baseline -0.004 -20"><span class='ocrx_word' id='word_1_348' title='bbox 274 4287 295 4354; x_wconf 74' lang='lat'>²)</span> <span class='ocrx_word' id='word_1_349' title='bbox 311 4293 421 4361; x_wconf 80' lang='grc' dir='ltr'><strong><em>μείζους</em></strong></span> <span class='ocrx_word' id='word_1_350' title='bbox 446 4289 502 4362; x_wconf 78' lang='grc' dir='ltr'>γὰρ</span> <span class='ocrx_word' id='word_1_351' title='bbox 524 4285 541 4356; x_wconf 76' lang='grc' dir='ltr'><strong><em>ἢ</em></strong></span> <span class='ocrx_word' id='word_1_352' title='bbox 564 4287 633 4342; x_wconf 78' lang='grc' dir='ltr'>κατὰ</span> <span class='ocrx_word' id='word_1_353' title='bbox 658 4286 842 4358; x_wconf 73' lang='grc' dir='ltr'><strong><em>ἀνθρωπίνην</em></strong></span> <span class='ocrx_word' id='word_1_354' title='bbox 868 4288 955 4361; x_wconf 82' lang='grc' dir='ltr'><strong><em>φύσιν</em></strong></span> <span class='ocrx_word' id='word_1_355' title='bbox 982 4290 1152 4361; x_wconf 80' lang='grc' dir='ltr'><strong><em>γενομένους</em></strong></span> <span class='ocrx_word' id='word_1_356' title='bbox 1177 4290 1265 4356; x_wconf 74' lang='grc' dir='ltr'><strong><em>(θεοῖς</em></strong></span> <span class='ocrx_word' id='word_1_357' title='bbox 1281 4290 1342 4339; x_wconf 83' lang='lat' dir='ltr'>add.</span> <span class='ocrx_word' id='word_1_358' title='bbox 1364 4291 1443 4339; x_wconf 89' lang='lat' dir='ltr'>Wila-</span> 
     </span>
     <span class='ocr_line' id='line_1_38' title="bbox 188 4374 660 4449; baseline 0.002 -22"><span class='ocrx_word' id='word_1_359' title='bbox 188 4374 458 4448; x_wconf 70' lang='lat' dir='ltr'>mow.)&#39;otvpnr01;</span> <span class='ocrx_word' id='word_1_360' title='bbox 478 4374 660 4449; x_wconf 74' lang='grc' dir='ltr'><strong><em>ἁμιλλᾶσθαι.</em></strong></span> 
     </span>
    </p>
   </div>
   <div class='ocr_carea' id='block_1_4' title="bbox 0 0 1643 5040">
    <p class='ocr_par' dir='ltr' id='par_1_6' title="bbox 0 0 1643 5040">
     <span class='ocr_line' id='line_1_39' title="bbox 0 0 1643 5040; baseline 0 0"><span class='ocrx_word' id='word_1_361' title='bbox 0 0 1643 5040; x_wconf 95' lang='lat' dir='ltr'> </span> 
     </span>
    </p>
   </div>
  </div>
 </body>
</html>
