3276 5040
709 385 921 446 ‚13-

269 539 360 601 Haec
389 539 415 600 si
445 548 531 601 recte
561 539 810 620 disputavimus,
844 575 883 584 -
915 558 974 600 nec
1001 537 1097 599 video
1127 556 1210 617 quae
1237 546 1349 600 contra
1380 537 1442 600 dici

185 645 309 726 possint
337 679 395 719 -,
432 653 540 706 actum
572 663 643 706 esse
678 643 718 706 de
753 643 834 706 libro
872 643 939 725 περὶ
968 650 1021 703 τοῦ
1050 640 1149 702 πάντα
1175 642 1338 703 σπουδαῖον
1367 637 1442 704 εἶναι

185 751 344 831 ἐλεύθερον
366 769 463 811 nemo
487 750 664 811 concedere
687 751 805 829 nequit.
849 747 915 811 Sed
943 747 1046 810 multo
1075 746 1168 828 plura
1197 756 1327 828 praesto
1357 757 1440 824 sunt,

185 876 289 937 neque
312 875 352 917 ea
370 855 460 935 parvi
483 854 648 928 momenti,
672 874 755 933 quae
778 855 911 916 adrem
932 853 1036 934 magis
1065 851 1317 915 confirmandam
1347 853 1442 916 liceat

185 960 278 1023 nobis
300 958 432 1022 adferre.
478 957 560 1021 Sunt
582 969 691 1021 autem
713 959 809 1022 haec:

269 1059 393 1127 Philoni
413 1082 479 1125 non
500 1064 605 1144 potuit
628 1064 659 1126 in
682 1073 824 1126 mentem
847 1063 963 1137 venire,
981 1064 1169 1144 praesertim
1186 1064 1217 1126 in
1234 1062 1327 1138 libr0,
1344 1084 1441 1145 quem

184 1171 226 1233 ad
257 1171 397 1233 amicum
428 1170 495 1232 sive
525 1170 679 1232 missurus
707 1177 804 1243 esset,
842 1169 909 1231 sive
938 1169 982 1230 ita
1009 1167 1160 1249 fingeret,
1196 1168 1440 1243 Alexandriam,

185 1277 216 1339 in
240 1295 304 1354 qua
327 1276 396 1356 ipse
412 1275 608 1337 domicilium
624 1273 775 1347 habebat,
799 1274 840 1336 ab
856 1273 984 1353 reliquis
999 1274 1130 1337 urbibus
1145 1274 1288 1336 eiusdem
1303 1275 1441 1337 nominis

185 1382 230 1443 sic
260 1380 470 1460 distinguere,
502 1389 537 1441 ut
564 1399 596 1461 p.
619 1380 680 1459 465
712 1377 756 1454 fit,
788 1378 841 1440 ubi
871 1388 962 1442 sunt:
1017 1378 1165 1459 Ζηλωτὴς
1187 1377 1245 1439 δὲ·
1261 1376 1374 1460 ἐγένετό
1396 1402 1443 1452 τις

185 1485 322 1568 Χαιρέας
343 1494 404 1545 τῶν
425 1485 485 1545 ἀπὸ
505 1485 650 1556 παιδείας.
690 1481 913 1566 Ἀλεξανδρειάν
934 1485 991 1566 γὰρ
1007 1485 1097 1545 οἶκῶν
1118 1485 1173 1564 τὴν
1194 1485 1269 1565 πρὸς
1290 1483 1441 1568 Αἰγύπτῳ

184 1616 211 1655 κ.
227 1614 255 1653 τ.
271 1595 297 1659 λ.
350 1589 404 1653 Sic
442 1590 597 1673 loquitur,
634 1591 688 1669 qui
720 1589 840 1652 nullam
870 1589 969 1652 habet
1002 1610 1075 1652 cum
1108 1589 1161 1651 illa
1193 1589 1272 1651 urbe
1306 1591 1441 1653 necessi·

184 1697 336 1760 tudinem.

272 1789 338 1863 Sed
360 1821 400 1863 ne
419 1801 560 1881 Judaeus
583 1801 712 1883 quidem
736 1798 793 1861 fuit
808 1800 843 1873 is,
865 1800 919 1879 qui
934 1799 1018 1861 hunc
1034 1799 1150 1862 librum
1169 1799 1303 1881 scripsit,
1320 1800 1441 1881 quippe

184 1905 238 1983 qui
261 1905 370 1966 decis
398 1914 433 1968 ut
461 1905 571 1968 alienis
599 1905 780 1968 hominibus
801 1904 999 1986 loqueretur:
1030 1925 1061 1986 p.
1083 1920 1163 1985 457:
1198 1904 1332 1986 Septem
1357 1904 1441 1986 sapi·

185 2091 261 2138 quam
279 2093 380 2140 prorsus
398 2078 448 2126 hoc
466 2078 553 2127 labore
571 2077 734 2142 supersedere
755 2093 807 2124 non
825 2076 956 2136 debemus,
977 2092 1034 2124 cum
1057 2076 1116 2124 inde
1133 2092 1260 2141 speremus
1279 2077 1375 2142 aliquid
1393 2094 1441 2127 nos

184 2165 341 2226 profecturos
359 2181 412 2215 esse
431 2167 463 2214 ad
482 2173 599 2224 aetatem,
620 2182 670 2230 qua
687 2165 728 2214 hic
747 2165 810 2214 liber
828 2165 982 2229 compositus
1000 2165 1038 2222 sit,
1065 2166 1158 2213 certius
1177 2166 1438 2214 circumscribendam.

185 2251 317 2301 Graetzius
335 2253 421 2318 igitur,
442 2255 481 2302 cui
499 2254 647 2302 Franlrelius
666 2255 787 2318 persuasit
804 2253 872 2303 bunc
892 2253 984 2302 librum
1002 2269 1054 2302 non
1068 2253 1180 2302 Philonis
1199 2269 1261 2311 esse,
1282 2253 1438 2318 scriptorem,

185 2339 250 2403 quae
270 2341 302 2389 de
320 2342 419 2392 Essaeis
438 2343 561 2408 perhibet,
580 2342 692 2406 Josepho
706 2342 800 2391 debere
817 2337 888 2400 vult,¹
900 2358 957 2390 cum
976 2341 1037 2391 dicit
1049 2340 1213 2406 (Geschichte
1231 2342 1276 2390 der
1286 2341 1370 2404 Juden
1387 2358 1440 2392 von

184 2428 233 2476 den
258 2431 363 2480 altesten
382 2432 469 2481 Zeiten
495 2432 532 2480 bis
556 2431 602 2480 aus
617 2431 658 2479 die
676 2430 839 2495 Gegenwart,
865 2431 939 2479 Baud
958 2431 998 2479 III
1016 2448 1041 2495 p.
1060 2429 1136 2495 527):
1179 2432 1254 2481 Auch
1271 2431 1312 2479 die
1331 2432 1440 2495 pseudo·

184 2516 284 2580 philon.
305 2518 400 2568 Schrist
425 2537 451 2584 q.
472 2537 497 2570 o.
520 2538 558 2586 pr.
579 2521 597 2569 l.
623 2521 668 2568 bat
691 2520 741 2568 den
766 2520 922 2569 besonderen
943 2520 1007 2584 Zug,
1033 2520 1092 2568 dass
1114 2520 1155 2568 die
1173 2519 1264 2569 Essaer
1285 2521 1311 2568 in
1329 2520 1439 2570 Ddrfem

184 2605 304 2656 wohnten
323 2609 376 2656 und
396 2609 437 2658 die
456 2609 545 2658 stadte
563 2609 657 2658 flohen.
676 2634 707 2643 -
727 2608 776 2657 Die
794 2609 899 2672 librigen
920 2609 990 2672 Ziige
1013 2608 1058 2658 des
1077 2608 1182 2657 Stdckes
1206 2609 1267 2657 iiber
1291 2609 1331 2658 die
1349 2609 1440 2658 Essaer

184 2693 210 2741 in
228 2695 307 2745 dieser
326 2695 419 2746 Schrist
437 2698 629 2762 sindJosephus
647 2697 770 2757 entlehut,
793 2712 844 2746 was
861 2696 915 2746 sich
932 2697 1069 2746 besonders
1087 2697 1114 2745 in
1131 2697 1177 2745 der
1195 2696 1258 2745 Zahl
1276 2709 1344 2757 4000
1361 2697 1436 2761 zeigt‚

184 2781 225 2831 die
246 2783 291 2832 der
309 2785 378 2835 Veri.
397 2803 442 2836 aus
458 2787 585 2851 Josephus
603 2782 723 2847 (Alterth.
739 2785 830 2834 XVIII
846 2798 868 2846 1,
883 2783 910 2851 5)
928 2800 1081 2851 genommen
1099 2785 1152 2843 hat,
1172 2784 1220 2833 wie
1236 2801 1262 2834 er
1280 2785 1347 2834 deun
1365 2786 1438 2834 tiber·

184 2871 263 2936 haupt
284 2873 365 2923 seiner
383 2875 499 2924 Diatribe
516 2876 578 2924 tiber
596 2874 637 2923 die
655 2873 889 2938 EssierJosepbus‘
904 2874 1005 2924 Bericht
1021 2872 1048 2922 in
1066 2873 1160 2922 diesem
1173 2873 1277 2938 Kapitel
1289 2890 1320 2922 zu
1333 2874 1439 2922 Grunde

183 2961 270 3025 gelegt
292 2977 324 3010 zu
348 2962 432 3012 baben
453 2962 558 3012 scheint.
595 2962 651 3011 Wir
674 2963 757 3011 haben
781 2963 835 3011 also
861 2979 909 3011 nur
923 2963 1050 3028 Josephus
1073 2962 1110 3010 als
1127 2962 1300 3027 Hauptquelle
1318 2965 1380 3011 uber
1397 2962 1438 3010 die

184 3049 282 3109 Essder,
303 3050 344 3098 die
362 3050 559 3115 pseudophilon.
579 3049 672 3099 Schrist
689 3051 742 3098 und
759 3050 912 3114 Porphyrius
930 3051 987 3100 sind
1005 3068 1057 3102 von
1073 3052 1199 3117 Josephus
1217 3052 1357 3116 abhangig.
1396 3051 1439 3100 Ad

183 3137 254 3186 istam
272 3138 526 3202 argumentati0nem,
546 3138 567 3187 si
586 3138 689 3203 quidem
707 3139 756 3188 boc
774 3139 876 3187 nomine
895 3139 974 3204 digna
991 3147 1036 3205 est,
1055 3140 1213 3190 refutandam
1232 3156 1285 3188 non
1300 3139 1438 3188 accuratius

182 3225 246 3274 inter
264 3241 290 3275 se
309 3228 472 3292 comparabo,
493 3243 558 3291 quae
576 3226 617 3275 hic
637 3236 660 3276 et
679 3227 749 3292 apud
764 3224 905 3291 Josephum
923 3227 955 3276 de
973 3228 1071 3277 Essaeis
1095 3229 1240 3288 traduntur;
1265 3242 1347 3291 neque
1370 3226 1438 3276 enim

185 3330 250 3380 opus
268 3323 313 3374 est,
332 3331 390 3364 cum
407 3315 448 3364 vel
466 3315 535 3375 inde,
556 3317 626 3380 quod
643 3315 750 3380 scriptor
767 3322 851 3363 narrat
871 3317 978 3365 Essaeos
995 3332 1075 3381 usque
1093 3333 1123 3366 eo
1143 3318 1212 3382 apud
1230 3332 1327 3378 omnes,
1348 3315 1391 3381 qui
1403 3315 1438 3363 ibi

184 3402 345 3464 exstitissent,
367 3411 494 3469 tyrannos,
515 3404 630 3469 quamvis
648 3404 685 3452 illi
705 3404 731 3452 in
750 3403 812 3453 alios
831 3404 974 3466 saevissent,
1001 3420 1095 3469 magno
1119 3405 1145 3454 in
1169 3406 1267 3455 honore
1289 3405 1374 3466 fuisse,
1394 3420 1437 3452 ne·

183 3490 291 3540 cessario
309 3501 428 3558 sequatur
451 3493 518 3542 hanc
543 3508 630 3542 eorum
653 3491 825 3541 laudationem
847 3500 905 3542 ante
920 3493 1061 3558 Josephum
1084 3494 1250 3559 compositam
1275 3508 1336 3543 esse.
1371 3491 1438 3541 Nam

183 3579 250 3629 bello
265 3579 374 3644 Judaico
392 3581 523 3632 Romanos
540 3597 573 3630 ne
591 3581 689 3630 Essaeis
707 3580 810 3644 quidem
828 3581 970 3646 pepercisse
979 3582 1105 3647 Josephus
1124 3583 1192 3632 testis
1210 3590 1255 3640 est,
1276 3581 1345 3646 apud
1364 3595 1440 3644 quem

182 3668 241 3718 bell.
265 3668 318 3718 iud.
345 3671 380 3728 II,
407 3669 431 3732 8,
459 3683 490 3718 ιο
513 3670 576 3718 haec
594 3677 663 3719 sunt:
702 3664 825 3737 διήλεμξε
849 3663 968 3721 δἀὐτων
985 3665 1074 3734 (Ἑσσ.)
1099 3670 1130 3722 ἐν
1153 3667 1245 3722 ἅπασι
1269 3664 1320 3728 τὰς
1345 3662 1440 3735 ψυχὰς

184 3750 199 3804 ὁ
223 3753 294 3826 πρὸς
310 3751 464 3826 Ῥωμαίους
486 3751 618 3827 πόλεμος,
638 3741 708 3823 erui
732 3754 947 3830 στρεβλούμενοι
971 3761 1018 3810 καὶ
1044 3753 1220 3827 λυγιζόμενοι
1244 3761 1394 3832 καιόμενοί
1409 3773 1438 3810 τε

182 3846 229 3896 καλ
253 3843 404 3918 κλώμενοι,
432 3847 479 3898 καὶ
502 3841 550 3898 διὰ
574 3840 690 3898 πάντων
713 3842 858 3904 ὁδεύοντες
880 3847 935 3898 τῶν
958 3851 1182 3919 βασανιστηρίων
1206 3843 1341 3917 όργόνων,
1361 3839 1439 3910 ΐναῆ

182 3929 404 4006 βλασφημήσωσι
417 3928 467 3987 τὸν
477 3936 638 4005 νομοθέτην
649 3927 666 3999 ἤ
678 3930 793 4001 astruat
803 3953 830 3986 τι
842 3935 899 3987 τῶν
912 3931 1070 4000 ἀσυνήθων,
1087 3931 1234 4006 οὐδέτερόν
1245 3955 1270 3988 τι
1286 3933 1440 4002 ὑπέμειναν

185 4026 299 4088 παθεῖν,
319 4018 379 4076 ἀλλ’
399 4022 465 4076 οὐδὲ
482 4026 650 4077 κολακεῦσαί
675 4039 744 4076 ποτε
768 4018 832 4083 τοὺς
855 4026 1046 4096 αἰκιζομένους
1068 4020 1086 4091 ἢ
1104 4025 1255 4096 δακρῦσαι·
1275 4022 1438 4095 μειδιῶντες

182 4110 213 4164 δὲ
233 4112 263 4162 ἐν
286 4116 348 4171 ταῖς
375 4109 510 4181 ἀλγηδόσι
528 4114 576 4164 καὶ
600 4109 866 4183 κατειρωνευόμενοι
891 4113 948 4166 τῶν
973 4109 1023 4173 τὰς
1050 4108 1190 4180 βασάνους
1218 4105 1438 4185 προσφερόντων

183 4199 305 4272 εὔθυμοι
323 4196 372 4259 τὰς
390 4199 482 4270 ψυχὰς
500 4195 620 4271 ἠφίεσαν
639 4197 675 4262 ὥς
698 4194 787 4254 πόλιν
809 4195 1001 4272 κομιούμενοι.
1041 4203 1096 4252 Nec
1119 4203 1172 4252 veri
1196 4202 1277 4252 simile
1300 4210 1338 4251 est
1358 4201 1435 4266 scrip-

183 4296 264 4338 torem
282 4291 315 4338 de
332 4289 455 4340 industria
472 4291 538 4339 hanc
558 4306 645 4339 eorum
663 4290 823 4340 vexationem
840 4290 939 4340 silentio
952 4292 1115 4356 praeteriisse,
1136 4293 1231 4356 quippe
1244 4306 1310 4356 quae
1322 4304 1435 4340 summae

181 4376 217 4426 eis
234 4377 303 4426 laudi
320 4378 362 4428 sit.
