<?xml version="1.0" encoding="UTF-8"?>
<!DOCTYPE html PUBLIC "-//W3C//DTD XHTML 1.0 Transitional//EN"
    "http://www.w3.org/TR/xhtml1/DTD/xhtml1-transitional.dtd">
<html xmlns="http://www.w3.org/1999/xhtml" xml:lang="en" lang="en">
 <head>
  <title>
</title>
<meta http-equiv="Content-Type" content="text/html;charset=utf-8" />
  <meta name='ocr-system' content='tesseract 3.04.00' />
  <meta name='ocr-capabilities' content='ocr_page ocr_carea ocr_par ocr_line ocrx_word'/>
</head>
<body>
  <div class='ocr_page' id='page_1' title='image "./delibroperitoup00ausfgoog_0035.png"; bbox 0 0 3276 5040; ppageno 0'>
   <div class='ocr_carea' id='block_1_1' title="bbox 714 396 922 457">
    <p class='ocr_par' dir='ltr' id='par_1_1' title="bbox 714 396 922 457">
     <span class='ocr_line' id='line_1_1' title="bbox 714 396 922 457; baseline -0.01 -16"><span class='ocrx_word' id='word_1_1' title='bbox 714 396 922 457; x_wconf 61' lang='lat'>..23-⁸</span> 
     </span>
    </p>
   </div>
   <div class='ocr_carea' id='block_1_2' title="bbox 189 561 1511 2534">
    <p class='ocr_par' dir='ltr' id='par_1_2' title="bbox 189 561 1511 2534">
     <span class='ocr_line' id='line_1_2' title="bbox 192 561 1446 646; baseline -0.002 -18"><span class='ocrx_word' id='word_1_2' title='bbox 192 586 249 628; x_wconf 88' lang='lat' dir='ltr'>eos</span> <span class='ocrx_word' id='word_1_3' title='bbox 272 565 446 638; x_wconf 70' lang='lat' dir='ltr'>audiamus</span> <span class='ocrx_word' id='word_1_4' title='bbox 471 566 525 644; x_wconf 93' lang='lat' dir='ltr'>qui</span> <span class='ocrx_word' id='word_1_5' title='bbox 548 564 610 626; x_wconf 93' lang='lat' dir='ltr'>sint</span> <span class='ocrx_word' id='word_1_6' title='bbox 625 563 820 645; x_wconf 91' lang='lat' dir='ltr'>populorum</span> <span class='ocrx_word' id='word_1_7' title='bbox 835 563 1114 646; x_wconf 75' lang='lat' dir='ltr'>praeceptoreslll</span> <span class='ocrx_word' id='word_1_8' title='bbox 1138 561 1224 644; x_wconf 82' lang='lat' dir='ltr'>Quin</span> <span class='ocrx_word' id='word_1_9' title='bbox 1239 563 1336 626; x_wconf 89' lang='lat' dir='ltr'>etiam</span> <span class='ocrx_word' id='word_1_10' title='bbox 1352 563 1446 644; x_wconf 86' lang='lat' dir='ltr'>Argo</span> 
     </span>
     <span class='ocr_line' id='line_1_3' title="bbox 192 667 1447 753; baseline -0.002 -22"><span class='ocrx_word' id='word_1_11' title='bbox 192 670 281 732; x_wconf 90' lang='lat' dir='ltr'>navis</span> <span class='ocrx_word' id='word_1_12' title='bbox 315 670 384 751; x_wconf 86' lang='lat' dir='ltr'>ipsa</span> <span class='ocrx_word' id='word_1_13' title='bbox 418 689 483 731; x_wconf 93' lang='lat' dir='ltr'>non</span> <span class='ocrx_word' id='word_1_14' title='bbox 511 689 607 750; x_wconf 86' lang='lat' dir='ltr'>passa</span> <span class='ocrx_word' id='word_1_15' title='bbox 639 678 688 732; x_wconf 87' lang='lat' dir='ltr'>est</span> <span class='ocrx_word' id='word_1_16' title='bbox 716 689 736 730; x_wconf 94' lang='lat' dir='ltr'>a</span> <span class='ocrx_word' id='word_1_17' title='bbox 763 670 863 731; x_wconf 89' lang='lat' dir='ltr'>servis</span> <span class='ocrx_word' id='word_1_18' title='bbox 893 689 928 731; x_wconf 93' lang='lat' dir='ltr'>se</span> <span class='ocrx_word' id='word_1_19' title='bbox 951 669 1088 731; x_wconf 81' lang='lat' dir='ltr'>intrari«</span> <span class='ocrx_word' id='word_1_20' title='bbox 1136 667 1260 730; x_wconf 88' lang='lat' dir='ltr'>Citatur</span> <span class='ocrx_word' id='word_1_21' title='bbox 1288 667 1447 753; x_wconf 79' lang='lat' dir='ltr'><strong>Aeschyli</strong></span> 
     </span>
     <span class='ocr_line' id='line_1_4' title="bbox 192 772 1446 857; baseline -0.001 -22"><span class='ocrx_word' id='word_1_22' title='bbox 192 794 302 836; x_wconf 92' lang='lat' dir='ltr'>versus</span> <span class='ocrx_word' id='word_1_23' title='bbox 324 774 390 855; x_wconf 90' lang='lat' dir='ltr'>(qui</span> <span class='ocrx_word' id='word_1_24' title='bbox 411 773 485 857; x_wconf 83' lang='lat' dir='ltr'>huic</span> <span class='ocrx_word' id='word_1_25' title='bbox 507 776 559 836; x_wconf 95' lang='lat' dir='ltr'>uni</span> <span class='ocrx_word' id='word_1_26' title='bbox 589 774 746 856; x_wconf 90' lang='lat' dir='ltr'>debetur).</span> <span class='ocrx_word' id='word_1_27' title='bbox 781 810 815 820; x_wconf 93' lang='lat'>—-</span> <span class='ocrx_word' id='word_1_28' title='bbox 848 774 1049 837; x_wconf 87' lang='lat' dir='ltr'>Admiranda</span> <span class='ocrx_word' id='word_1_29' title='bbox 1072 782 1122 835; x_wconf 90' lang='lat' dir='ltr'>est</span> <span class='ocrx_word' id='word_1_30' title='bbox 1143 773 1276 836; x_wconf 92' lang='lat' dir='ltr'>stultitia</span> <span class='ocrx_word' id='word_1_31' title='bbox 1297 772 1446 847; x_wconf 91' lang='lat' dir='ltr'>hominis,</span> 
     </span>
     <span class='ocr_line' id='line_1_5' title="bbox 192 877 1446 960; baseline -0.001 -19"><span class='ocrx_word' id='word_1_32' title='bbox 192 879 246 960; x_wconf 92' lang='lat' dir='ltr'>qui</span> <span class='ocrx_word' id='word_1_33' title='bbox 270 899 335 941; x_wconf 92' lang='lat' dir='ltr'>non</span> <span class='ocrx_word' id='word_1_34' title='bbox 357 878 483 941; x_wconf 92' lang='lat' dir='ltr'>dubitat</span> <span class='ocrx_word' id='word_1_35' title='bbox 504 879 536 940; x_wconf 91' lang='lat' dir='ltr'>in</span> <span class='ocrx_word' id='word_1_36' title='bbox 558 878 675 940; x_wconf 93' lang='lat' dir='ltr'>eodem</span> <span class='ocrx_word' id='word_1_37' title='bbox 696 877 777 957; x_wconf 91' lang='lat' dir='ltr'>libro</span> <span class='ocrx_word' id='word_1_38' title='bbox 801 877 944 942; x_wconf 86' lang='lat' dir='ltr'>Graecos</span> <span class='ocrx_word' id='word_1_39' title='bbox 966 879 1186 959; x_wconf 89' lang='lat' dir='ltr'>barbarosque</span> <span class='ocrx_word' id='word_1_40' title='bbox 1202 877 1341 952; x_wconf 90' lang='lat' dir='ltr'>laudare,</span> <span class='ocrx_word' id='word_1_41' title='bbox 1359 877 1446 957; x_wconf 91' lang='lat' dir='ltr'>quod</span> 
     </span>
     <span class='ocr_line' id='line_1_6' title="bbox 191 982 1447 1064; baseline -0.002 -18"><span class='ocrx_word' id='word_1_42' title='bbox 191 986 343 1046; x_wconf 86' lang='lat' dir='ltr'>continua</span> <span class='ocrx_word' id='word_1_43' title='bbox 379 985 420 1047; x_wconf 90' lang='lat' dir='ltr'>de</span> <span class='ocrx_word' id='word_1_44' title='bbox 453 983 600 1047; x_wconf 87' lang='lat' dir='ltr'>libertate</span> <span class='ocrx_word' id='word_1_45' title='bbox 634 982 719 1047; x_wconf 91' lang='lat' dir='ltr'>bella</span> <span class='ocrx_word' id='word_1_46' title='bbox 756 993 884 1064; x_wconf 84' lang='lat' dir='ltr'>gerant,</span> <span class='ocrx_word' id='word_1_47' title='bbox 920 984 1136 1047; x_wconf 86' lang='lat' dir='ltr'>Athenienses</span> <span class='ocrx_word' id='word_1_48' title='bbox 1173 985 1447 1064; x_wconf 84' lang='lat' dir='ltr'>Argonautasque</span> 
     </span>
     <span class='ocr_line' id='line_1_7' title="bbox 190 1086 1446 1171; baseline -0.002 -21"><span class='ocrx_word' id='word_1_49' title='bbox 190 1090 386 1171; x_wconf 87' lang='lat' dir='ltr'>praedicare,</span> <span class='ocrx_word' id='word_1_50' title='bbox 419 1089 507 1168; x_wconf 92' lang='lat' dir='ltr'>quod</span> <span class='ocrx_word' id='word_1_51' title='bbox 539 1088 627 1151; x_wconf 93' lang='lat' dir='ltr'>nullo</span> <span class='ocrx_word' id='word_1_52' title='bbox 657 1089 688 1151; x_wconf 92' lang='lat' dir='ltr'>in</span> <span class='ocrx_word' id='word_1_53' title='bbox 718 1087 841 1151; x_wconf 89' lang='lat' dir='ltr'>honore</span> <span class='ocrx_word' id='word_1_54' title='bbox 870 1110 987 1152; x_wconf 87' lang='lat' dir='ltr'>vernae</span> <span class='ocrx_word' id='word_1_55' title='bbox 1016 1099 1049 1152; x_wconf 94' lang='lat' dir='ltr'>et</span> <span class='ocrx_word' id='word_1_56' title='bbox 1073 1090 1255 1170; x_wconf 87' lang='lat' dir='ltr'>stigmatiae</span> <span class='ocrx_word' id='word_1_57' title='bbox 1278 1086 1366 1169; x_wconf 92' lang='lat' dir='ltr'>apud</span> <span class='ocrx_word' id='word_1_58' title='bbox 1388 1106 1446 1149; x_wconf 92' lang='lat' dir='ltr'>eos</span> 
     </span>
     <span class='ocr_line' id='line_1_8' title="bbox 189 1192 1445 1275; baseline 0 -21"><span class='ocrx_word' id='word_1_59' title='bbox 189 1193 308 1255; x_wconf 87' lang='lat' dir='ltr'>versati</span> <span class='ocrx_word' id='word_1_60' title='bbox 338 1194 409 1270; x_wconf 88' lang='lat' dir='ltr'>sint,</span> <span class='ocrx_word' id='word_1_61' title='bbox 439 1215 498 1258; x_wconf 90' lang='lat' dir='ltr'>nos</span> <span class='ocrx_word' id='word_1_62' title='bbox 528 1204 636 1257; x_wconf 91' lang='lat' dir='ltr'>autem</span> <span class='ocrx_word' id='word_1_63' title='bbox 667 1214 767 1273; x_wconf 89' lang='lat' dir='ltr'>usque</span> <span class='ocrx_word' id='word_1_64' title='bbox 800 1214 927 1275; x_wconf 92' lang='lat' dir='ltr'>quaque</span> <span class='ocrx_word' id='word_1_65' title='bbox 957 1195 1130 1269; x_wconf 89' lang='lat' dir='ltr'>adhortari,</span> <span class='ocrx_word' id='word_1_66' title='bbox 1160 1204 1196 1257; x_wconf 92' lang='lat' dir='ltr'>ut</span> <span class='ocrx_word' id='word_1_67' title='bbox 1224 1213 1263 1255; x_wconf 97' lang='lat' dir='ltr'>ne</span> <span class='ocrx_word' id='word_1_68' title='bbox 1293 1192 1445 1255; x_wconf 93' lang='lat' dir='ltr'>continuo</span> 
     </span>
     <span class='ocr_line' id='line_1_9' title="bbox 192 1287 1446 1382; baseline -0.001 -23"><span class='ocrx_word' id='word_1_69' title='bbox 192 1317 303 1360; x_wconf 90' lang='lat' dir='ltr'>servos</span> <span class='ocrx_word' id='word_1_70' title='bbox 340 1298 502 1376; x_wconf 91' lang='lat' dir='ltr'>dicamus,</span> <span class='ocrx_word' id='word_1_71' title='bbox 536 1299 589 1381; x_wconf 92' lang='lat' dir='ltr'>qui</span> <span class='ocrx_word' id='word_1_72' title='bbox 618 1320 638 1361; x_wconf 94' lang='lat' dir='ltr'>a</span> <span class='ocrx_word' id='word_1_73' title='bbox 668 1299 829 1382; x_wconf 91' lang='lat' dir='ltr'>plerisque</span> <span class='ocrx_word' id='word_1_74' title='bbox 858 1300 903 1361; x_wconf 86' lang='lat' dir='ltr'>ita</span> <span class='ocrx_word' id='word_1_75' title='bbox 931 1299 1124 1373; x_wconf 87' lang='lat' dir='ltr'>habeantur,</span> <span class='ocrx_word' id='word_1_76' title='bbox 1156 1300 1213 1362; x_wconf 91' lang='lat' dir='ltr'>sed</span> <span class='ocrx_word' id='word_1_77' title='bbox 1239 1287 1446 1380; x_wconf 85' lang='lat' dir='ltr'>respiciamus</span> 
     </span>
     <span class='ocr_line' id='line_1_10' title="bbox 191 1402 1447 1487; baseline 0 -23"><span class='ocrx_word' id='word_1_78' title='bbox 191 1422 307 1464; x_wconf 82' lang='lat' dir='ltr'>mores</span> <span class='ocrx_word' id='word_1_79' title='bbox 353 1403 408 1466; x_wconf 89' lang='lat' dir='ltr'>Ad</span> <span class='ocrx_word' id='word_1_80' title='bbox 431 1407 568 1467; x_wconf 91' lang='lat' dir='ltr'>eundem</span> <span class='ocrx_word' id='word_1_81' title='bbox 591 1404 657 1486; x_wconf 76' lang='grc' dir='ltr'>περὶ</span> <span class='ocrx_word' id='word_1_82' title='bbox 681 1403 854 1487; x_wconf 71' lang='grc' dir='ltr'><strong><em>ἐλευθερίας</em></strong></span> <span class='ocrx_word' id='word_1_83' title='bbox 876 1404 991 1467; x_wconf 93' lang='lat' dir='ltr'>librum</span> <span class='ocrx_word' id='word_1_84' title='bbox 1016 1405 1089 1487; x_wconf 85' lang='lat' dir='ltr'>(hoc</span> <span class='ocrx_word' id='word_1_85' title='bbox 1114 1406 1199 1467; x_wconf 91' lang='lat' dir='ltr'>enim</span> <span class='ocrx_word' id='word_1_86' title='bbox 1228 1403 1322 1466; x_wconf 91' lang='lat' dir='ltr'>titulo</span> <span class='ocrx_word' id='word_1_87' title='bbox 1352 1402 1447 1466; x_wconf 91' lang='lat' dir='ltr'>liceat</span> 
     </span>
     <span class='ocr_line' id='line_1_11' title="bbox 192 1507 1446 1591; baseline 0.001 -23"><span class='ocrx_word' id='word_1_88' title='bbox 192 1507 285 1570; x_wconf 92' lang='lat' dir='ltr'>nobis</span> <span class='ocrx_word' id='word_1_89' title='bbox 314 1528 388 1570; x_wconf 92' lang='lat' dir='ltr'>eum</span> <span class='ocrx_word' id='word_1_90' title='bbox 421 1507 613 1589; x_wconf 86' lang='lat' dir='ltr'>significare)</span> <span class='ocrx_word' id='word_1_91' title='bbox 643 1508 740 1571; x_wconf 92' lang='lat' dir='ltr'>dubio</span> <span class='ocrx_word' id='word_1_92' title='bbox 770 1509 882 1591; x_wconf 89' lang='lat' dir='ltr'>procul</span> <span class='ocrx_word' id='word_1_93' title='bbox 913 1511 1094 1573; x_wconf 89' lang='lat' dir='ltr'>revocanda</span> <span class='ocrx_word' id='word_1_94' title='bbox 1111 1518 1199 1585; x_wconf 86' lang='lat' dir='ltr'>sunt,</span> <span class='ocrx_word' id='word_1_95' title='bbox 1223 1527 1306 1588; x_wconf 92' lang='lat' dir='ltr'>quae</span> <span class='ocrx_word' id='word_1_96' title='bbox 1328 1528 1360 1589; x_wconf 91' lang='lat' dir='ltr'>p.</span> <span class='ocrx_word' id='word_1_97' title='bbox 1382 1507 1446 1586; x_wconf 84' lang='lat'>463</span> 
     </span>
     <span class='ocr_line' id='line_1_12' title="bbox 192 1611 1446 1699; baseline 0.001 -26"><span class='ocrx_word' id='word_1_98' title='bbox 192 1612 397 1693; x_wconf 85' lang='lat' dir='ltr'>proferuntur</span> <span class='ocrx_word' id='word_1_99' title='bbox 418 1613 579 1695; x_wconf 85' lang='lat' dir='ltr'>exempla,</span> <span class='ocrx_word' id='word_1_100' title='bbox 603 1614 693 1694; x_wconf 92' lang='lat' dir='ltr'>pueri</span> <span class='ocrx_word' id='word_1_101' title='bbox 715 1613 897 1694; x_wconf 80' lang='lat' dir='ltr'>Laconis2)‚</span> <span class='ocrx_word' id='word_1_102' title='bbox 923 1616 976 1699; x_wconf 92' lang='lat' dir='ltr'>qui</span> <span class='ocrx_word' id='word_1_103' title='bbox 999 1636 1033 1677; x_wconf 91' lang='lat' dir='ltr'>se</span> <span class='ocrx_word' id='word_1_104' title='bbox 1056 1617 1125 1697; x_wconf 92' lang='lat' dir='ltr'>ipse</span> <span class='ocrx_word' id='word_1_105' title='bbox 1147 1615 1327 1677; x_wconf 85' lang='lat' dir='ltr'>interimere</span> <span class='ocrx_word' id='word_1_106' title='bbox 1350 1611 1446 1674; x_wconf 89' lang='lat' dir='ltr'>male·</span> 
     </span>
     <span class='ocr_line' id='line_1_13' title="bbox 189 1716 1445 1801; baseline 0 -22"><span class='ocrx_word' id='word_1_107' title='bbox 189 1716 255 1790; x_wconf 90' lang='lat' dir='ltr'>bat,</span> <span class='ocrx_word' id='word_1_108' title='bbox 286 1736 384 1796; x_wconf 87' lang='lat' dir='ltr'>quarn</span> <span class='ocrx_word' id='word_1_109' title='bbox 413 1737 579 1781; x_wconf 90' lang='lat' dir='ltr'>servorum</span> <span class='ocrx_word' id='word_1_110' title='bbox 610 1718 789 1781; x_wconf 90' lang='lat' dir='ltr'>ministeriis</span> <span class='ocrx_word' id='word_1_111' title='bbox 819 1719 931 1801; x_wconf 85' lang='lat' dir='ltr'>iungi,</span> <span class='ocrx_word' id='word_1_112' title='bbox 948 1721 1178 1795; x_wconf 89' lang='lat' dir='ltr'>Dardanidum,</span> <span class='ocrx_word' id='word_1_113' title='bbox 1210 1739 1294 1801; x_wconf 93' lang='lat' dir='ltr'>quae</span> <span class='ocrx_word' id='word_1_114' title='bbox 1316 1738 1445 1800; x_wconf 90' lang='lat' dir='ltr'>pueros,</span> 
     </span>
     <span class='ocr_line' id='line_1_14' title="bbox 190 1822 1445 1909; baseline 0.002 -26"><span class='ocrx_word' id='word_1_115' title='bbox 190 1842 230 1884; x_wconf 90' lang='lat' dir='ltr'>ne</span> <span class='ocrx_word' id='word_1_116' title='bbox 252 1823 438 1884; x_wconf 90' lang='lat' dir='ltr'>servitutem</span> <span class='ocrx_word' id='word_1_117' title='bbox 461 1833 655 1904; x_wconf 86' lang='lat' dir='ltr'>paterentur,</span> <span class='ocrx_word' id='word_1_118' title='bbox 678 1822 902 1886; x_wconf 85' lang='lat' dir='ltr'>interfecerunt</span> <span class='ocrx_word' id='word_1_119' title='bbox 925 1825 1171 1909; x_wconf 78' lang='lat' dir='ltr'>(Polyxenae³):</span> <span class='ocrx_word' id='word_1_120' title='bbox 1195 1844 1270 1887; x_wconf 90' lang='lat' dir='ltr'>nam</span> <span class='ocrx_word' id='word_1_121' title='bbox 1294 1825 1334 1886; x_wconf 94' lang='lat' dir='ltr'>de</span> <span class='ocrx_word' id='word_1_122' title='bbox 1355 1823 1445 1886; x_wconf 92' lang='lat' dir='ltr'>liber·</span> 
     </span>
     <span class='ocr_line' id='line_1_15' title="bbox 189 1927 1446 2012; baseline 0.002 -24"><span class='ocrx_word' id='word_1_123' title='bbox 189 1935 256 1989; x_wconf 93' lang='lat' dir='ltr'>tate</span> <span class='ocrx_word' id='word_1_124' title='bbox 278 1927 309 1988; x_wconf 94' lang='lat' dir='ltr'>in</span> <span class='ocrx_word' id='word_1_125' title='bbox 331 1927 367 1989; x_wconf 92' lang='lat' dir='ltr'>iis</span> <span class='ocrx_word' id='word_1_126' title='bbox 389 1928 503 2006; x_wconf 80' lang='lat' dir='ltr'>agitur,</span> <span class='ocrx_word' id='word_1_127' title='bbox 527 1949 625 2009; x_wconf 93' lang='lat' dir='ltr'>quam</span> <span class='ocrx_word' id='word_1_128' title='bbox 648 1930 794 1993; x_wconf 90' lang='lat' dir='ltr'>homines</span> <span class='ocrx_word' id='word_1_129' title='bbox 817 1939 940 2010; x_wconf 89' lang='lat' dir='ltr'>putant.</span> <span class='ocrx_word' id='word_1_130' title='bbox 985 1930 1054 1993; x_wconf 91' lang='lat' dir='ltr'>Nec</span> <span class='ocrx_word' id='word_1_131' title='bbox 1076 1939 1186 2012; x_wconf 90' lang='lat' dir='ltr'>potest</span> <span class='ocrx_word' id='word_1_132' title='bbox 1207 1929 1342 2005; x_wconf 91' lang='lat' dir='ltr'>obverti,</span> <span class='ocrx_word' id='word_1_133' title='bbox 1364 1928 1446 1991; x_wconf 93' lang='lat' dir='ltr'>haec</span> 
     </span>
     <span class='ocr_line' id='line_1_16' title="bbox 190 2033 1446 2118; baseline 0.001 -24"><span class='ocrx_word' id='word_1_134' title='bbox 190 2033 321 2094; x_wconf 94' lang='lat' dir='ltr'>omnino</span> <span class='ocrx_word' id='word_1_135' title='bbox 345 2052 409 2094; x_wconf 95' lang='lat' dir='ltr'>non</span> <span class='ocrx_word' id='word_1_136' title='bbox 431 2034 583 2114; x_wconf 88' lang='lat' dir='ltr'>exempla</span> <span class='ocrx_word' id='word_1_137' title='bbox 605 2056 676 2097; x_wconf 92' lang='lat' dir='ltr'>esse</span> <span class='ocrx_word' id='word_1_138' title='bbox 699 2035 923 2115; x_wconf 79' lang='lat' dir='ltr'>intellegenda,</span> <span class='ocrx_word' id='word_1_139' title='bbox 950 2037 1007 2098; x_wconf 89' lang='lat' dir='ltr'>sed</span> <span class='ocrx_word' id='word_1_140' title='bbox 1030 2036 1178 2118; x_wconf 87' lang='lat' dir='ltr'>proponi,</span> <span class='ocrx_word' id='word_1_141' title='bbox 1208 2044 1244 2097; x_wconf 92' lang='lat' dir='ltr'>ut</span> <span class='ocrx_word' id='word_1_142' title='bbox 1273 2035 1345 2096; x_wconf 94' lang='lat' dir='ltr'>inde</span> <span class='ocrx_word' id='word_1_143' title='bbox 1368 2043 1404 2096; x_wconf 93' lang='lat' dir='ltr'>ut</span> <span class='ocrx_word' id='word_1_144' title='bbox 1426 2055 1446 2095; x_wconf 95' lang='lat' dir='ltr'>a</span> 
     </span>
     <span class='ocr_line' id='line_1_17' title="bbox 191 2137 1445 2222; baseline 0.002 -24"><span class='ocrx_word' id='word_1_145' title='bbox 191 2137 314 2198; x_wconf 92' lang='lat' dir='ltr'>minore</span> <span class='ocrx_word' id='word_1_146' title='bbox 345 2138 386 2199; x_wconf 90' lang='lat' dir='ltr'>ad</span> <span class='ocrx_word' id='word_1_147' title='bbox 415 2138 593 2218; x_wconf 87' lang='lat' dir='ltr'>sapientem</span> <span class='ocrx_word' id='word_1_148' title='bbox 624 2149 659 2202; x_wconf 95' lang='lat' dir='ltr'>ut</span> <span class='ocrx_word' id='word_1_149' title='bbox 688 2142 730 2203; x_wconf 91' lang='lat' dir='ltr'>ad</span> <span class='ocrx_word' id='word_1_150' title='bbox 758 2141 860 2203; x_wconf 90' lang='lat' dir='ltr'>maius</span> <span class='ocrx_word' id='word_1_151' title='bbox 882 2141 1045 2204; x_wconf 90' lang='lat' dir='ltr'>conclusio</span> <span class='ocrx_word' id='word_1_152' title='bbox 1066 2141 1131 2217; x_wconf 90' lang='lat' dir='ltr'>fiat,</span> <span class='ocrx_word' id='word_1_153' title='bbox 1155 2150 1190 2203; x_wconf 93' lang='lat' dir='ltr'>ut</span> <span class='ocrx_word' id='word_1_154' title='bbox 1211 2149 1287 2222; x_wconf 87' lang='lat' dir='ltr'>apte</span> <span class='ocrx_word' id='word_1_155' title='bbox 1310 2141 1341 2201; x_wconf 91' lang='lat' dir='ltr'>in</span> <span class='ocrx_word' id='word_1_156' title='bbox 1364 2139 1445 2201; x_wconf 90' lang='lat' dir='ltr'>libro</span> 
     </span>
     <span class='ocr_line' id='line_1_18' title="bbox 191 2241 1444 2326; baseline 0.001 -22"><span class='ocrx_word' id='word_1_157' title='bbox 191 2243 232 2304; x_wconf 90' lang='lat' dir='ltr'>de</span> <span class='ocrx_word' id='word_1_158' title='bbox 261 2242 405 2323; x_wconf 87' lang='lat' dir='ltr'>sapiente</span> <span class='ocrx_word' id='word_1_159' title='bbox 428 2241 640 2324; x_wconf 84' lang='lat' dir='ltr'>proferantur.</span> <span class='ocrx_word' id='word_1_160' title='bbox 684 2245 769 2307; x_wconf 88' lang='lat' dir='ltr'>Nam</span> <span class='ocrx_word' id='word_1_161' title='bbox 798 2266 872 2306; x_wconf 90' lang='lat' dir='ltr'>cum</span> <span class='ocrx_word' id='word_1_162' title='bbox 902 2247 933 2306; x_wconf 95' lang='lat' dir='ltr'>in</span> <span class='ocrx_word' id='word_1_163' title='bbox 963 2266 1002 2307; x_wconf 91' lang='lat' dir='ltr'>ea</span> <span class='ocrx_word' id='word_1_164' title='bbox 1031 2266 1113 2326; x_wconf 92' lang='lat' dir='ltr'>quae</span> <span class='ocrx_word' id='word_1_165' title='bbox 1144 2247 1253 2309; x_wconf 88' lang='lat' dir='ltr'>addita</span> <span class='ocrx_word' id='word_1_166' title='bbox 1282 2254 1341 2320; x_wconf 91' lang='lat' dir='ltr'>est,</span> <span class='ocrx_word' id='word_1_167' title='bbox 1372 2264 1444 2306; x_wconf 88' lang='lat' dir='ltr'>eon-</span> 
     </span>
     <span class='ocr_line' id='line_1_19' title="bbox 189 2347 1445 2429; baseline 0.002 -20"><span class='ocrx_word' id='word_1_168' title='bbox 189 2347 348 2409; x_wconf 91' lang='lat' dir='ltr'>clusione:</span> <span class='ocrx_word' id='word_1_169' title='bbox 388 2347 494 2428; x_wconf 75' lang='lat' dir='ltr'>»Ergo</span> <span class='ocrx_word' id='word_1_170' title='bbox 519 2350 549 2409; x_wconf 93' lang='lat' dir='ltr'>in</span> <span class='ocrx_word' id='word_1_171' title='bbox 580 2349 764 2412; x_wconf 90' lang='lat' dir='ltr'>mulieribus</span> <span class='ocrx_word' id='word_1_172' title='bbox 794 2358 827 2411; x_wconf 88' lang='lat' dir='ltr'>et</span> <span class='ocrx_word' id='word_1_173' title='bbox 849 2351 955 2429; x_wconf 90' lang='lat' dir='ltr'>pueris</span> <span class='ocrx_word' id='word_1_174' title='bbox 978 2360 1102 2413; x_wconf 84' lang='lat' dir='ltr'>tanturn</span> <span class='ocrx_word' id='word_1_175' title='bbox 1126 2352 1185 2412; x_wconf 90' lang='lat' dir='ltr'>erit</span> <span class='ocrx_word' id='word_1_176' title='bbox 1207 2351 1361 2412; x_wconf 86' lang='lat' dir='ltr'>libertatis</span> <span class='ocrx_word' id='word_1_177' title='bbox 1381 2358 1445 2411; x_wconf 91' lang='lat' dir='ltr'>stu·</span> 
     </span>
     <span class='ocr_line' id='line_1_20' title="bbox 189 2453 1511 2534; baseline 0.002 -20"><span class='ocrx_word' id='word_1_178' title='bbox 189 2453 287 2525; x_wconf 87' lang='lat' dir='ltr'>dium,</span> <span class='ocrx_word' id='word_1_179' title='bbox 320 2461 355 2514; x_wconf 96' lang='lat' dir='ltr'>ut</span> <span class='ocrx_word' id='word_1_180' title='bbox 384 2472 444 2533; x_wconf 91' lang='lat' dir='ltr'>pro</span> <span class='ocrx_word' id='word_1_181' title='bbox 474 2473 512 2515; x_wconf 91' lang='lat' dir='ltr'>ea</span> <span class='ocrx_word' id='word_1_182' title='bbox 542 2463 680 2515; x_wconf 91' lang='lat' dir='ltr'>mortem</span> <span class='ocrx_word' id='word_1_183' title='bbox 703 2454 916 2516; x_wconf 87' lang='lat' dir='ltr'>voluntariam</span> <span class='ocrx_word' id='word_1_184' title='bbox 939 2454 1141 2530; x_wconf 87' lang='lat' dir='ltr'>occumbant,</span> <span class='ocrx_word' id='word_1_185' title='bbox 1174 2455 1193 2516; x_wconf 93' lang='lat' dir='ltr'>ii</span> <span class='ocrx_word' id='word_1_186' title='bbox 1215 2476 1302 2530; x_wconf 86' lang='lat' dir='ltr'>veru,</span> <span class='ocrx_word' id='word_1_187' title='bbox 1326 2455 1446 2534; x_wconf 86' lang='lat' dir='ltr'>quiex</span> <span class='ocrx_word' id='word_1_188' title='bbox 1509 2519 1511 2524; x_wconf 74' lang='grc'>,</span> 
     </span>
    </p>
   </div>
   <div class='ocr_carea' id='block_1_3' title="bbox 187 2557 1445 3059">
    <p class='ocr_par' dir='ltr' id='par_1_3' title="bbox 187 2557 1445 3059">
     <span class='ocr_line' id='line_1_21' title="bbox 190 2557 1445 2637; baseline 0.003 -19"><span class='ocrx_word' id='word_1_189' title='bbox 190 2576 280 2619; x_wconf 90' lang='lat' dir='ltr'>mero</span> <span class='ocrx_word' id='word_1_190' title='bbox 310 2558 486 2637; x_wconf 90' lang='lat' dir='ltr'>sapientiae</span> <span class='ocrx_word' id='word_1_191' title='bbox 517 2557 605 2621; x_wconf 81' lang='lat' dir='ltr'>fonte</span> <span class='ocrx_word' id='word_1_192' title='bbox 634 2558 817 2634; x_wconf 90' lang='lat' dir='ltr'>hauserunt,</span> <span class='ocrx_word' id='word_1_193' title='bbox 842 2580 906 2621; x_wconf 93' lang='lat' dir='ltr'>non</span> <span class='ocrx_word' id='word_1_194' title='bbox 928 2561 1081 2622; x_wconf 88' lang='lat' dir='ltr'>continuo</span> <span class='ocrx_word' id='word_1_195' title='bbox 1104 2560 1193 2622; x_wconf 92' lang='lat' dir='ltr'>liberi</span> <span class='ocrx_word' id='word_1_196' title='bbox 1215 2558 1344 2622; x_wconf 80' lang='lat' dir='ltr'>eruntl«</span> <span class='ocrx_word' id='word_1_197' title='bbox 1370 2579 1445 2621; x_wconf 91' lang='lat' dir='ltr'>cum</span> 
     </span>
     <span class='ocr_line' id='line_1_22' title="bbox 187 2662 1445 2743; baseline 0.002 -19"><span class='ocrx_word' id='word_1_198' title='bbox 187 2662 217 2724; x_wconf 92' lang='lat' dir='ltr'>in</span> <span class='ocrx_word' id='word_1_199' title='bbox 240 2662 302 2725; x_wconf 88' lang='lat' dir='ltr'>hae</span> <span class='ocrx_word' id='word_1_200' title='bbox 324 2662 419 2743; x_wconf 84' lang='lat' dir='ltr'>igitur</span> <span class='ocrx_word' id='word_1_201' title='bbox 440 2663 644 2726; x_wconf 89' lang='lat' dir='ltr'>conclusione</span> <span class='ocrx_word' id='word_1_202' title='bbox 667 2663 821 2726; x_wconf 90' lang='lat' dir='ltr'>libertatis</span> <span class='ocrx_word' id='word_1_203' title='bbox 842 2665 925 2726; x_wconf 93' lang='lat' dir='ltr'>duae</span> <span class='ocrx_word' id='word_1_204' title='bbox 949 2667 1096 2728; x_wconf 92' lang='lat' dir='ltr'>notiones</span> <span class='ocrx_word' id='word_1_205' title='bbox 1119 2663 1362 2739; x_wconf 84' lang='lat' dir='ltr'>confundantur,</span> <span class='ocrx_word' id='word_1_206' title='bbox 1379 2685 1445 2727; x_wconf 90' lang='lat' dir='ltr'>non</span> 
     </span>
     <span class='ocr_line' id='line_1_23' title="bbox 187 2768 1444 2853; baseline 0.002 -24"><span class='ocrx_word' id='word_1_207' title='bbox 187 2768 366 2830; x_wconf 90' lang='lat' dir='ltr'>admodum</span> <span class='ocrx_word' id='word_1_208' title='bbox 395 2769 462 2829; x_wconf 89' lang='lat' dir='ltr'>veri</span> <span class='ocrx_word' id='word_1_209' title='bbox 492 2768 594 2830; x_wconf 93' lang='lat' dir='ltr'>simile</span> <span class='ocrx_word' id='word_1_210' title='bbox 623 2778 681 2842; x_wconf 92' lang='lat' dir='ltr'>est,</span> <span class='ocrx_word' id='word_1_211' title='bbox 713 2769 793 2831; x_wconf 93' lang='lat' dir='ltr'>haec</span> <span class='ocrx_word' id='word_1_212' title='bbox 823 2770 1014 2850; x_wconf 90' lang='lat' dir='ltr'>scriptorem</span> <span class='ocrx_word' id='word_1_213' title='bbox 1043 2771 1074 2832; x_wconf 92' lang='lat' dir='ltr'>in</span> <span class='ocrx_word' id='word_1_214' title='bbox 1104 2770 1184 2832; x_wconf 93' lang='lat' dir='ltr'>libro</span> <span class='ocrx_word' id='word_1_215' title='bbox 1218 2770 1258 2831; x_wconf 90' lang='lat' dir='ltr'>de</span> <span class='ocrx_word' id='word_1_216' title='bbox 1291 2771 1444 2853; x_wconf 90' lang='lat' dir='ltr'>sapientis</span> 
     </span>
     <span class='ocr_line' id='line_1_24' title="bbox 187 2858 1444 2956; baseline 0.002 -22"><span class='ocrx_word' id='word_1_217' title='bbox 187 2872 335 2934; x_wconf 89' lang='lat' dir='ltr'>libertate</span> <span class='ocrx_word' id='word_1_218' title='bbox 358 2872 524 2946; x_wconf 90' lang='lat' dir='ltr'>invenisse,</span> <span class='ocrx_word' id='word_1_219' title='bbox 546 2872 603 2934; x_wconf 92' lang='lat' dir='ltr'>sed</span> <span class='ocrx_word' id='word_1_220' title='bbox 626 2874 781 2935; x_wconf 91' lang='lat' dir='ltr'>maiorem</span> <span class='ocrx_word' id='word_1_221' title='bbox 803 2873 902 2936; x_wconf 88' lang='lat' dir='ltr'>habet</span> <span class='ocrx_word' id='word_1_222' title='bbox 925 2876 1065 2956; x_wconf 90' lang='lat' dir='ltr'>speciem</span> <span class='ocrx_word' id='word_1_223' title='bbox 1087 2858 1166 2948; x_wconf 72' lang='lat' dir='ltr'>veri,</span> <span class='ocrx_word' id='word_1_224' title='bbox 1187 2895 1260 2935; x_wconf 93' lang='lat' dir='ltr'>eum</span> <span class='ocrx_word' id='word_1_225' title='bbox 1276 2876 1317 2937; x_wconf 92' lang='lat' dir='ltr'>ad</span> <span class='ocrx_word' id='word_1_226' title='bbox 1337 2895 1444 2938; x_wconf 89' lang='lat' dir='ltr'>exem·</span> 
     </span>
     <span class='ocr_line' id='line_1_25' title="bbox 188 2974 1444 3059; baseline 0.003 -22"><span class='ocrx_word' id='word_1_227' title='bbox 188 2976 243 3057; x_wconf 94' lang='lat' dir='ltr'>pla</span> <span class='ocrx_word' id='word_1_228' title='bbox 274 2996 316 3036; x_wconf 89' lang='lat' dir='ltr'>ex</span> <span class='ocrx_word' id='word_1_229' title='bbox 342 2974 405 3037; x_wconf 89' lang='lat' dir='ltr'>alio</span> <span class='ocrx_word' id='word_1_230' title='bbox 436 2975 516 3038; x_wconf 91' lang='lat' dir='ltr'>libro</span> <span class='ocrx_word' id='word_1_231' title='bbox 545 2977 716 3059; x_wconf 87' lang='lat' dir='ltr'>desumpta</span> <span class='ocrx_word' id='word_1_232' title='bbox 746 2979 985 3042; x_wconf 90' lang='lat' dir='ltr'>conclusionem</span> <span class='ocrx_word' id='word_1_233' title='bbox 1014 2981 1101 3042; x_wconf 91' lang='lat' dir='ltr'>illam</span> <span class='ocrx_word' id='word_1_234' title='bbox 1131 3000 1195 3042; x_wconf 94' lang='lat' dir='ltr'>non</span> <span class='ocrx_word' id='word_1_235' title='bbox 1224 2981 1300 3043; x_wconf 92' lang='lat' dir='ltr'>satis</span> <span class='ocrx_word' id='word_1_236' title='bbox 1330 2981 1444 3043; x_wconf 89' lang='lat' dir='ltr'>scitam</span> 
     </span>
    </p>
   </div>
   <div class='ocr_carea' id='block_1_4' title="bbox 185 3213 1446 4435">
    <p class='ocr_par' dir='ltr' id='par_1_4' title="bbox 192 3213 1445 3380">
     <span class='ocr_line' id='line_1_26' title="bbox 278 3213 1445 3293; baseline 0.002 -19"><span class='ocrx_word' id='word_1_237' title='bbox 278 3221 298 3286; x_wconf 88' lang='lat'>¹)</span> <span class='ocrx_word' id='word_1_238' title='bbox 317 3220 465 3275; x_wconf 76' lang='grc' dir='ltr'><em>παιδευταὶ</em></span> <span class='ocrx_word' id='word_1_239' title='bbox 485 3221 539 3292; x_wconf 76' lang='grc' dir='ltr'>γὰρ</span> <span class='ocrx_word' id='word_1_240' title='bbox 558 3213 639 3274; x_wconf 80' lang='grc' dir='ltr'><em>οὗτοί</em></span> <span class='ocrx_word' id='word_1_241' title='bbox 655 3240 686 3291; x_wconf 72' lang='grc' dir='ltr'>γε</span> <span class='ocrx_word' id='word_1_242' title='bbox 706 3228 756 3275; x_wconf 83' lang='grc' dir='ltr'>τοῦ</span> <span class='ocrx_word' id='word_1_243' title='bbox 775 3220 940 3293; x_wconf 79' lang='grc' dir='ltr'><em>σύμπαντος</em></span> <span class='ocrx_word' id='word_1_244' title='bbox 952 3229 1016 3288; x_wconf 72' lang='grc' dir='ltr'><strong><em>βίου</em></strong></span> <span class='ocrx_word' id='word_1_245' title='bbox 1035 3224 1102 3290; x_wconf 81' lang='grc' dir='ltr'>(καὶ)</span> <span class='ocrx_word' id='word_1_246' title='bbox 1122 3220 1253 3292; x_wconf 76' lang='grc' dir='ltr'><strong><em>καθάπερ</em></strong></span> <span class='ocrx_word' id='word_1_247' title='bbox 1273 3225 1332 3292; x_wconf 72' lang='grc' dir='ltr'>ἰδίᾳ</span> <span class='ocrx_word' id='word_1_248' title='bbox 1352 3229 1445 3292; x_wconf 77' lang='grc' dir='ltr'><em>γονεῖς</em></span> 
     </span>
     <span class='ocr_line' id='line_1_27' title="bbox 192 3302 1088 3380; baseline 0 -16"><span class='ocrx_word' id='word_1_249' title='bbox 192 3312 298 3372; x_wconf 77' lang='grc' dir='ltr'><em>παῖδας</em></span> <span class='ocrx_word' id='word_1_250' title='bbox 316 3307 430 3376; x_wconf 79' lang='grc' dir='ltr'>(παιδὸς</span> <span class='ocrx_word' id='word_1_251' title='bbox 451 3311 537 3373; x_wconf 78' lang='lat' dir='ltr'>codd.)</span> <span class='ocrx_word' id='word_1_252' title='bbox 559 3314 602 3362; x_wconf 78' lang='grc' dir='ltr'>καὶ</span> <span class='ocrx_word' id='word_1_253' title='bbox 624 3302 699 3363; x_wconf 78' lang='grc' dir='ltr'><strong><em>οὗτοι</em></strong></span> <span class='ocrx_word' id='word_1_254' title='bbox 720 3314 950 3380; x_wconf 72' lang='grc' dir='ltr'><strong><em>σωᾳρονίζουσιν.</em></strong></span> <span class='ocrx_word' id='word_1_255' title='bbox 970 3316 1088 3379; x_wconf 82' lang='lat' dir='ltr'>Mangey.</span> 
     </span>
    </p>

    <p class='ocr_par' dir='ltr' id='par_1_5' title="bbox 186 3398 1446 3820">
     <span class='ocr_line' id='line_1_28' title="bbox 273 3398 1444 3469; baseline 0.003 -21"><span class='ocrx_word' id='word_1_256' title='bbox 273 3398 294 3464; x_wconf 62' lang='grc'>8)</span> <span class='ocrx_word' id='word_1_257' title='bbox 312 3402 370 3449; x_wconf 91' lang='lat' dir='ltr'>Hoc</span> <span class='ocrx_word' id='word_1_258' title='bbox 389 3401 506 3464; x_wconf 86' lang='lat' dir='ltr'>exemplo</span> <span class='ocrx_word' id='word_1_259' title='bbox 524 3401 598 3449; x_wconf 86' lang='lat' dir='ltr'>etiam</span> <span class='ocrx_word' id='word_1_260' title='bbox 617 3401 712 3450; x_wconf 89' lang='lat' dir='ltr'>Seneca</span> <span class='ocrx_word' id='word_1_261' title='bbox 730 3416 789 3449; x_wconf 91' lang='lat' dir='ltr'>usus</span> <span class='ocrx_word' id='word_1_262' title='bbox 807 3409 844 3450; x_wconf 92' lang='lat' dir='ltr'>est</span> <span class='ocrx_word' id='word_1_263' title='bbox 864 3418 906 3466; x_wconf 87' lang='lat' dir='ltr'>ep.</span> <span class='ocrx_word' id='word_1_264' title='bbox 928 3413 969 3464; x_wconf 82' lang='lat'>77,</span> <span class='ocrx_word' id='word_1_265' title='bbox 993 3415 1037 3464; x_wconf 92' lang='lat'>14:</span> <span class='ocrx_word' id='word_1_266' title='bbox 1065 3404 1189 3469; x_wconf 88' lang='lat' dir='ltr'>Exempla</span> <span class='ocrx_word' id='word_1_267' title='bbox 1206 3419 1273 3452; x_wconf 91' lang='lat' dir='ltr'>nunc</span> <span class='ocrx_word' id='word_1_268' title='bbox 1291 3418 1444 3467; x_wconf 89' lang='lat' dir='ltr'>magnorum</span> 
     </span>
     <span class='ocr_line' id='line_1_29' title="bbox 187 3473 1446 3552; baseline 0.001 -14"><span class='ocrx_word' id='word_1_269' title='bbox 187 3490 299 3538; x_wconf 92' lang='lat' dir='ltr'>virorum</span> <span class='ocrx_word' id='word_1_270' title='bbox 317 3505 357 3536; x_wconf 91' lang='lat' dir='ltr'>me</span> <span class='ocrx_word' id='word_1_271' title='bbox 376 3488 422 3537; x_wconf 89' lang='lat' dir='ltr'>tibi</span> <span class='ocrx_word' id='word_1_272' title='bbox 440 3487 535 3536; x_wconf 86' lang='lat' dir='ltr'>iudicas</span> <span class='ocrx_word' id='word_1_273' title='bbox 553 3488 705 3536; x_wconf 79' lang='lat' dir='ltr'>relaturum?</span> <span class='ocrx_word' id='word_1_274' title='bbox 725 3473 860 3552; x_wconf 82' lang='lat' dir='ltr'>puerorum</span> <span class='ocrx_word' id='word_1_275' title='bbox 880 3490 993 3539; x_wconf 77' lang='lat' dir='ltr'>reseram.</span> <span class='ocrx_word' id='word_1_276' title='bbox 1025 3492 1113 3541; x_wconf 89' lang='lat' dir='ltr'>Lacon</span> <span class='ocrx_word' id='word_1_277' title='bbox 1131 3492 1173 3539; x_wconf 89' lang='lat' dir='ltr'>ille</span> <span class='ocrx_word' id='word_1_278' title='bbox 1191 3490 1324 3540; x_wconf 88' lang='lat' dir='ltr'>memoriae</span> <span class='ocrx_word' id='word_1_279' title='bbox 1339 3484 1446 3541; x_wconf 86' lang='lat' dir='ltr'>traditur</span> 
     </span>
     <span class='ocr_line' id='line_1_30' title="bbox 186 3562 1445 3643; baseline 0.002 -17"><span class='ocrx_word' id='word_1_280' title='bbox 186 3577 296 3642; x_wconf 91' lang='lat' dir='ltr'>impubis</span> <span class='ocrx_word' id='word_1_281' title='bbox 318 3577 408 3633; x_wconf 83' lang='lat' dir='ltr'>adhuc,</span> <span class='ocrx_word' id='word_1_282' title='bbox 435 3575 478 3640; x_wconf 91' lang='lat' dir='ltr'>qui</span> <span class='ocrx_word' id='word_1_283' title='bbox 496 3583 583 3640; x_wconf 87' lang='lat' dir='ltr'>captus</span> <span class='ocrx_word' id='word_1_284' title='bbox 600 3576 727 3624; x_wconf 88' lang='lat' dir='ltr'>clamabat</span> <span class='ocrx_word' id='word_1_285' title='bbox 746 3592 813 3624; x_wconf 77' lang='lat' dir='ltr'>»non</span> <span class='ocrx_word' id='word_1_286' title='bbox 837 3578 957 3628; x_wconf 81' lang='lat' dir='ltr'>serviam«</span> <span class='ocrx_word' id='word_1_287' title='bbox 978 3595 1023 3628; x_wconf 88' lang='lat' dir='ltr'>sua</span> <span class='ocrx_word' id='word_1_288' title='bbox 1040 3562 1084 3627; x_wconf 88' lang='lat' dir='ltr'>illa</span> <span class='ocrx_word' id='word_1_289' title='bbox 1102 3579 1196 3628; x_wconf 89' lang='lat' dir='ltr'>Dorica</span> <span class='ocrx_word' id='word_1_290' title='bbox 1214 3579 1302 3643; x_wconf 87' lang='lat' dir='ltr'>lingua</span> <span class='ocrx_word' id='word_1_291' title='bbox 1320 3586 1346 3629; x_wconf 90' lang='lat' dir='ltr'>et</span> <span class='ocrx_word' id='word_1_292' title='bbox 1362 3579 1445 3629; x_wconf 90' lang='lat' dir='ltr'>verbis</span> 
     </span>
     <span class='ocr_line' id='line_1_31' title="bbox 187 3664 1444 3731; baseline 0.003 -17"><span class='ocrx_word' id='word_1_293' title='bbox 187 3665 264 3716; x_wconf 86' lang='lat' dir='ltr'>fidem</span> <span class='ocrx_word' id='word_1_294' title='bbox 282 3665 414 3730; x_wconf 86' lang='lat' dir='ltr'>imposuit:</span> <span class='ocrx_word' id='word_1_295' title='bbox 440 3671 468 3712; x_wconf 92' lang='lat' dir='ltr'>ut</span> <span class='ocrx_word' id='word_1_296' title='bbox 492 3664 600 3728; x_wconf 89' lang='lat' dir='ltr'>primum</span> <span class='ocrx_word' id='word_1_297' title='bbox 614 3665 693 3712; x_wconf 89' lang='lat' dir='ltr'>iu&#39;ssus</span> <span class='ocrx_word' id='word_1_298' title='bbox 710 3670 747 3714; x_wconf 91' lang='lat' dir='ltr'>est</span> <span class='ocrx_word' id='word_1_299' title='bbox 764 3665 848 3714; x_wconf 89' lang='lat' dir='ltr'>servili</span> <span class='ocrx_word' id='word_1_300' title='bbox 866 3665 938 3731; x_wconf 87' lang='lat' dir='ltr'>fungi</span> <span class='ocrx_word' id='word_1_301' title='bbox 955 3676 979 3716; x_wconf 89' lang='lat' dir='ltr'>et</span> <span class='ocrx_word' id='word_1_302' title='bbox 991 3667 1174 3717; x_wconf 89' lang='lat' dir='ltr'>contumelioso</span> <span class='ocrx_word' id='word_1_303' title='bbox 1190 3667 1327 3717; x_wconf 86' lang='lat' dir='ltr'>ministerio</span> <span class='ocrx_word' id='word_1_304' title='bbox 1344 3695 1380 3705; x_wconf 89' lang='lat'>-</span> <span class='ocrx_word' id='word_1_305' title='bbox 1399 3669 1444 3718; x_wconf 81' lang='lat' dir='ltr'>ad-</span> 
     </span>
     <span class='ocr_line' id='line_1_32' title="bbox 186 3753 1185 3820; baseline 0 -17"><span class='ocrx_word' id='word_1_306' title='bbox 186 3755 251 3804; x_wconf 86' lang='lat' dir='ltr'>ferre</span> <span class='ocrx_word' id='word_1_307' title='bbox 269 3755 334 3804; x_wconf 86' lang='lat' dir='ltr'>enirn</span> <span class='ocrx_word' id='word_1_308' title='bbox 353 3769 397 3802; x_wconf 85' lang='lat' dir='ltr'>vas</span> <span class='ocrx_word' id='word_1_309' title='bbox 416 3753 570 3800; x_wconf 85' lang='lat' dir='ltr'>obscaenum</span> <span class='ocrx_word' id='word_1_310' title='bbox 588 3753 721 3802; x_wconf 89' lang='lat' dir='ltr'>iubebatur</span> <span class='ocrx_word' id='word_1_311' title='bbox 732 3781 774 3812; x_wconf 88' lang='lat'>-,</span> <span class='ocrx_word' id='word_1_312' title='bbox 795 3753 895 3803; x_wconf 90' lang='lat' dir='ltr'>inlisum</span> <span class='ocrx_word' id='word_1_313' title='bbox 913 3756 1000 3820; x_wconf 85' lang='lat' dir='ltr'>parieti</span> <span class='ocrx_word' id='word_1_314' title='bbox 1018 3763 1094 3820; x_wconf 79' lang='lat' dir='ltr'>caput</span> <span class='ocrx_word' id='word_1_315' title='bbox 1111 3756 1185 3820; x_wconf 88' lang='lat' dir='ltr'>rupit.</span> 
     </span>
    </p>

    <p class='ocr_par' dir='ltr' id='par_1_6' title="bbox 185 3839 1445 4435">
     <span class='ocr_line' id='line_1_33' title="bbox 272 3839 1445 3909; baseline 0.004 -19"><span class='ocrx_word' id='word_1_316' title='bbox 272 3839 295 3908; x_wconf 74' lang='lat'>⁸)</span> <span class='ocrx_word' id='word_1_317' title='bbox 315 3843 463 3906; x_wconf 84' lang='lat' dir='ltr'>Polyxenae</span> <span class='ocrx_word' id='word_1_318' title='bbox 486 3842 630 3905; x_wconf 89' lang='lat' dir='ltr'>exemplum</span> <span class='ocrx_word' id='word_1_319' title='bbox 652 3856 710 3889; x_wconf 91' lang='lat' dir='ltr'>cum</span> <span class='ocrx_word' id='word_1_320' title='bbox 735 3841 773 3901; x_wconf 88' lang='lat' dir='ltr'>iis,</span> <span class='ocrx_word' id='word_1_321' title='bbox 802 3857 867 3906; x_wconf 85' lang='lat' dir='ltr'>quae</span> <span class='ocrx_word' id='word_1_322' title='bbox 893 3844 1054 3903; x_wconf 89' lang='lat' dir='ltr'>antecedunt,</span> <span class='ocrx_word' id='word_1_323' title='bbox 1079 3860 1132 3893; x_wconf 89' lang='lat' dir='ltr'>non</span> <span class='ocrx_word' id='word_1_324' title='bbox 1159 3860 1214 3894; x_wconf 87' lang='lat' dir='ltr'>esse</span> <span class='ocrx_word' id='word_1_325' title='bbox 1238 3845 1445 3909; x_wconf 88' lang='lat' dir='ltr'>coniungeudum</span> 
     </span>
     <span class='ocr_line' id='line_1_34' title="bbox 187 3924 1444 3997; baseline 0.002 -18"><span class='ocrx_word' id='word_1_326' title='bbox 187 3931 287 3980; x_wconf 90' lang='lat' dir='ltr'>monuit</span> <span class='ocrx_word' id='word_1_327' title='bbox 297 3947 336 3980; x_wconf 89' lang='lat' dir='ltr'>me</span> <span class='ocrx_word' id='word_1_328' title='bbox 346 3928 568 3979; x_wconf 84' lang='lat' dir='ltr'>Wilamowitzius:</span> <span class='ocrx_word' id='word_1_329' title='bbox 588 3945 648 3978; x_wconf 89' lang='lat' dir='ltr'>nam</span> <span class='ocrx_word' id='word_1_330' title='bbox 666 3924 771 3996; x_wconf 77' lang='grc' dir='ltr'><strong><em>γύναια</em></strong></span> <span class='ocrx_word' id='word_1_331' title='bbox 790 3931 849 3979; x_wconf 84' lang='lat' dir='ltr'>satis</span> <span class='ocrx_word' id='word_1_332' title='bbox 868 3948 883 3979; x_wconf 92' lang='lat' dir='ltr'>a</span> <span class='ocrx_word' id='word_1_333' title='bbox 901 3931 1078 3981; x_wconf 86' lang='lat' dir='ltr'>Dardanidum</span> <span class='ocrx_word' id='word_1_334' title='bbox 1095 3933 1211 3997; x_wconf 86' lang='lat' dir='ltr'>exemplo</span> <span class='ocrx_word' id='word_1_335' title='bbox 1226 3933 1345 3992; x_wconf 88' lang='lat' dir='ltr'>munitur,</span> <span class='ocrx_word' id='word_1_336' title='bbox 1360 3934 1444 3983; x_wconf 90' lang='lat' dir='ltr'>herois</span> 
     </span>
     <span class='ocr_line' id='line_1_35' title="bbox 185 4017 1444 4085; baseline 0.004 -19"><span class='ocrx_word' id='word_1_337' title='bbox 185 4019 235 4067; x_wconf 90' lang='lat' dir='ltr'>hue</span> <span class='ocrx_word' id='word_1_338' title='bbox 253 4037 306 4069; x_wconf 92' lang='lat' dir='ltr'>non</span> <span class='ocrx_word' id='word_1_339' title='bbox 324 4018 394 4079; x_wconf 85' lang='lat' dir='ltr'>facit,</span> <span class='ocrx_word' id='word_1_340' title='bbox 414 4032 490 4081; x_wconf 91' lang='lat' dir='ltr'>porro</span> <span class='ocrx_word' id='word_1_341' title='bbox 509 4017 591 4081; x_wconf 85' lang='lat' dir='ltr'>agitur</span> <span class='ocrx_word' id='word_1_342' title='bbox 609 4018 640 4066; x_wconf 89' lang='lat' dir='ltr'>de</span> <span class='ocrx_word' id='word_1_343' title='bbox 654 4018 799 4066; x_wconf 90' lang='lat' dir='ltr'>hominibus</span> <span class='ocrx_word' id='word_1_344' title='bbox 812 4018 954 4068; x_wconf 86' lang='lat' dir='ltr'>libertatern</span> <span class='ocrx_word' id='word_1_345' title='bbox 967 4027 1047 4068; x_wconf 89' lang='lat' dir='ltr'>morte</span> <span class='ocrx_word' id='word_1_346' title='bbox 1059 4019 1245 4080; x_wconf 86' lang='lat' dir='ltr'>redimentibus,</span> <span class='ocrx_word' id='word_1_347' title='bbox 1263 4030 1289 4070; x_wconf 86' lang='lat' dir='ltr'>at</span> <span class='ocrx_word' id='word_1_348' title='bbox 1300 4021 1444 4085; x_wconf 88' lang='lat' dir='ltr'>Polyxenae</span> 
     </span>
     <span class='ocr_line' id='line_1_36' title="bbox 186 4104 1444 4172; baseline 0.003 -17"><span class='ocrx_word' id='word_1_349' title='bbox 186 4107 273 4172; x_wconf 89' lang='lat' dir='ltr'>utique</span> <span class='ocrx_word' id='word_1_350' title='bbox 293 4105 452 4157; x_wconf 87' lang='lat' dir='ltr'>moriendum</span> <span class='ocrx_word' id='word_1_351' title='bbox 472 4112 517 4153; x_wconf 88' lang='lat' dir='ltr'>est.</span> <span class='ocrx_word' id='word_1_352' title='bbox 557 4104 665 4154; x_wconf 90' lang='lat' dir='ltr'>Videtur</span> <span class='ocrx_word' id='word_1_353' title='bbox 682 4114 767 4156; x_wconf 87' lang='lat' dir='ltr'>autem</span> <span class='ocrx_word' id='word_1_354' title='bbox 785 4121 838 4155; x_wconf 89' lang='lat' dir='ltr'>esse</span> <span class='ocrx_word' id='word_1_355' title='bbox 856 4107 1017 4156; x_wconf 87' lang='lat' dir='ltr'>tribuendum</span> <span class='ocrx_word' id='word_1_356' title='bbox 1030 4124 1083 4156; x_wconf 90' lang='lat' dir='ltr'>non</span> <span class='ocrx_word' id='word_1_357' title='bbox 1096 4109 1264 4172; x_wconf 87' lang='lat' dir='ltr'>compilatori,</span> <span class='ocrx_word' id='word_1_358' title='bbox 1284 4110 1329 4158; x_wconf 89' lang='lat' dir='ltr'>sed</span> <span class='ocrx_word' id='word_1_359' title='bbox 1343 4109 1444 4159; x_wconf 88' lang='lat' dir='ltr'>lectoris</span> 
     </span>
     <span class='ocr_line' id='line_1_37' title="bbox 187 4191 1445 4267; baseline 0.006 -28"><span class='ocrx_word' id='word_1_360' title='bbox 187 4192 292 4241; x_wconf 89' lang='lat' dir='ltr'>alicuius</span> <span class='ocrx_word' id='word_1_361' title='bbox 311 4193 463 4251; x_wconf 86' lang='lat' dir='ltr'>curiositati;</span> <span class='ocrx_word' id='word_1_362' title='bbox 490 4208 573 4258; x_wconf 90' lang='lat' dir='ltr'>neque</span> <span class='ocrx_word' id='word_1_363' title='bbox 596 4194 664 4242; x_wconf 90' lang='lat' dir='ltr'>enim</span> <span class='ocrx_word' id='word_1_364' title='bbox 683 4191 828 4262; x_wconf 80' lang='grc' dir='ltr'><em>τραγῳδός</em></span> <span class='ocrx_word' id='word_1_365' title='bbox 847 4195 888 4243; x_wconf 90' lang='lat' dir='ltr'>hic</span> <span class='ocrx_word' id='word_1_366' title='bbox 907 4195 976 4254; x_wconf 92' lang='lat' dir='ltr'>dicit,</span> <span class='ocrx_word' id='word_1_367' title='bbox 997 4197 1040 4244; x_wconf 91' lang='lat' dir='ltr'>sed</span> <span class='ocrx_word' id='word_1_368' title='bbox 1060 4193 1196 4267; x_wconf 81' lang='grc' dir='ltr'><strong><em>τραγικός,</em></strong></span> <span class='ocrx_word' id='word_1_369' title='bbox 1215 4213 1299 4261; x_wconf 89' lang='lat' dir='ltr'>neque</span> <span class='ocrx_word' id='word_1_370' title='bbox 1317 4197 1445 4262; x_wconf 86' lang='lat' dir='ltr'>Euripidis</span> 
     </span>
     <span class='ocr_line' id='line_1_38' title="bbox 185 4281 1442 4349; baseline 0.005 -21"><span class='ocrx_word' id='word_1_371' title='bbox 185 4281 283 4329; x_wconf 91' lang='lat' dir='ltr'>nomini</span> <span class='ocrx_word' id='word_1_372' title='bbox 305 4281 368 4329; x_wconf 92' lang='lat' dir='ltr'>illud</span> <span class='ocrx_word' id='word_1_373' title='bbox 392 4282 453 4331; x_wconf 92' lang='lat' dir='ltr'>addi</span> <span class='ocrx_word' id='word_1_374' title='bbox 479 4290 522 4333; x_wconf 84' lang='lat' dir='ltr'>aut</span> <span class='ocrx_word' id='word_1_375' title='bbox 544 4298 614 4348; x_wconf 87' lang='lat' dir='ltr'>opus</span> <span class='ocrx_word' id='word_1_376' title='bbox 627 4289 671 4331; x_wconf 89' lang='lat' dir='ltr'>aut</span> <span class='ocrx_word' id='word_1_377' title='bbox 689 4299 720 4330; x_wconf 87' lang='lat' dir='ltr'>ex</span> <span class='ocrx_word' id='word_1_378' title='bbox 739 4298 809 4331; x_wconf 90' lang='lat' dir='ltr'>more</span> <span class='ocrx_word' id='word_1_379' title='bbox 827 4283 887 4330; x_wconf 90' lang='lat' dir='ltr'>eius.</span> <span class='ocrx_word' id='word_1_380' title='bbox 922 4286 957 4332; x_wconf 86' lang='lat' dir='ltr'>At</span> <span class='ocrx_word' id='word_1_381' title='bbox 975 4285 1082 4333; x_wconf 88' lang='lat' dir='ltr'>Hecuba</span> <span class='ocrx_word' id='word_1_382' title='bbox 1106 4286 1175 4334; x_wconf 90' lang='lat' dir='ltr'>omni</span> <span class='ocrx_word' id='word_1_383' title='bbox 1198 4293 1279 4335; x_wconf 86' lang='lat' dir='ltr'>aetate</span> <span class='ocrx_word' id='word_1_384' title='bbox 1302 4285 1442 4349; x_wconf 84' lang='lat' dir='ltr'>legebatur,</span> 
     </span>
     <span class='ocr_line' id='line_1_39' title="bbox 188 4369 770 4435; baseline 0.003 -18"><span class='ocrx_word' id='word_1_385' title='bbox 188 4369 359 4428; x_wconf 86' lang='lat' dir='ltr'>ediscebatur;</span> <span class='ocrx_word' id='word_1_386' title='bbox 383 4371 501 4433; x_wconf 90' lang='lat' dir='ltr'>proclivis</span> <span class='ocrx_word' id='word_1_387' title='bbox 519 4387 580 4435; x_wconf 88' lang='lat' dir='ltr'>ergo</span> <span class='ocrx_word' id='word_1_388' title='bbox 599 4370 770 4435; x_wconf 85' lang='lat' dir='ltr'>interpolatio.</span> 
     </span>
    </p>
   </div>
   <div class='ocr_carea' id='block_1_5' title="bbox 0 0 1642 5040">
    <p class='ocr_par' dir='ltr' id='par_1_7' title="bbox 0 0 1642 5040">
     <span class='ocr_line' id='line_1_40' title="bbox 0 0 1642 5040; baseline 0 1"><span class='ocrx_word' id='word_1_389' title='bbox 0 0 1642 5040; x_wconf 95' lang='lat' dir='ltr'> </span> 
     </span>
    </p>
   </div>
  </div>
 </body>
</html>
