3276 5040
711 397 922 452 421..

189 579 249 622 sua
284 559 486 622 adversarios
521 560 701 634 devincere,
747 580 845 640 quam
888 561 944 624 ad.
966 560 1220 624 confirmandam
1258 563 1452 626 sententiam

110 644 112 649 ⁴
178 663 393 727 Antisthenis
423 665 566 728 adfertur
593 664 671 727 illud
700 663 930 743 δυσβάστακτον
957 659 1031 743 εἶναι
1061 665 1114 725 τὸν
1144 667 1272 728 ἀστεῖον.
1325 665 1453 747 Quodsi

189 769 275 832 Mosi
305 769 335 831 id
366 769 472 832 solum
501 768 611 832 tribuit
640 770 792 852 sapientis
821 791 935 833 manus
963 791 1035 834 esse
1061 791 1186 852 graves
1215 758 1248 834 in
1278 773 1340 835 hoc
1362 773 1451 836 dicto

189 874 275 937 idem
305 875 409 938 inesse
438 873 516 937 vult.
560 872 626 937 Sed
655 896 729 938 cum
759 875 855 939 istam
884 877 1181 957 interpretationem
1211 878 1362 954 addebat,
1386 899 1452 942 non

187 978 296 1042 solum
314 979 450 1062 ineptias
472 980 504 1041 in
526 999 561 1041 se
583 979 721 1057 admisit,
745 981 803 1043 sed
825 981 930 1044 omnis
950 980 1123 1044 similitudo
1139 982 1183 1044 ita
1198 984 1359 1058 evertitur,
1376 1005 1451 1046 cum

189 1085 221 1146 in
244 1086 506 1168 interpretatione
528 1104 593 1147 non
615 1086 656 1148 de
678 1105 717 1148 ea
739 1094 854 1166 agatur
875 1087 1043 1168 gravitate,
1078 1106 1142 1167 qua
1164 1087 1337 1151 adversarii
1362 1087 1452 1152 humi

188 1198 382 1269 demuntur,
406 1191 464 1253 sed
485 1190 527 1251 de
549 1209 597 1263 ea,
622 1211 704 1272 quae
728 1191 843 1255 mentis
866 1199 941 1270 eget
964 1191 1172 1254 adminiculis.
1211 1191 1325 1255 Eiecto
1343 1208 1450 1257 autern

189 1294 349 1359 hocloco
374 1295 450 1358 nihil
473 1295 645 1365 desiderari
668 1304 815 1376 apparet.
1263 1382 1265 1386 Α

274 1401 344 1464 Iam
373 1401 415 1463 ad
444 1400 580 1463 alterum
613 1400 721 1462 locum
751 1402 952 1474 accedamus,
983 1401 1037 1480 qui
1067 1409 1176 1463 exstat
1201 1422 1234 1483 p.
1257 1417 1320 1483 452
1351 1403 1384 1465 in
1411 1423 1450 1466 ea

188 1506 486 1588 argumentatione,
525 1525 590 1584 qua
618 1525 660 1567 ex
691 1506 837 1581 amicitia,
869 1525 951 1586 quae
981 1505 1178 1587 sapientibus
1208 1528 1282 1570 cum
1305 1509 1367 1571 deo
1389 1517 1447 1585 est,

186 1631 247 1674 eos
268 1611 386 1674 liberos
409 1631 481 1674 esse
501 1610 677 1692 colligitur:
704 1609 817 1691 »Quid
842 1610 895 1691 qui
910 1611 1045 1673 deorum
1068 1611 1162 1675 amici
1185 1621 1268 1687 sunt,
1292 1615 1321 1675 ei
1344 1633 1449 1677 nonne

190 1716 280 1779 liberi
311 1725 385 1779 sunt
414 1713 638 1779 existimandi?
674 1715 729 1777 An
757 1735 871 1797 regum
901 1716 994 1777 amici
1026 1737 1090 1778 non
1117 1718 1223 1781 solum
1253 1718 1342 1781 liberi
1365 1727 1448 1795 sunt,

187 1822 247 1884 sed
269 1821 393 1902 imperii
415 1822 597 1903 participes
622 1821 676 1902 qui
691 1829 800 1883 autem
816 1821 864 1882 dis
879 1830 954 1884 sunt
969 1823 1034 1884 cari
1052 1823 1224 1902 sapientes,
1248 1823 1447 1900 servierunt,

188 1929 245 2007 qui
266 1935 399 2009 propter
421 1946 566 1989 amorem
589 1926 620 1988 in
649 1927 747 1989 deum
773 1927 842 2008 pari
868 1927 909 1989 ab
938 1925 1001 1989 hoc
1030 1926 1148 1990 affectu
1172 1927 1325 2014 vhonorati
1354 1949 1448 2010 reges

189 2052 302 2111 regum
325 2041 407 2107 sunt,
430 2040 464 2094 ut
485 2039 605 2112 poetae
627 2030 754 2094 dicunt?
791 2031 959 2094 Audacius
985 2032 1082 2094 etiarn
1104 2032 1297 2095 Iudaeorum
1327 2031 1447 2114 legum·

190 2136 273 2200 lator
295 2157 378 2213 eum,
403 2138 458 2217 qui
480 2157 592 2200 amore
613 2157 692 2217 erga
714 2137 811 2199 deum
843 2136 1058 2200 inflammatus
1086 2146 1180 2213 esset,
1215 2140 1312 2201 deum
1341 2139 1448 2202 dicere

189 2263 286 2306 ausus
308 2251 367 2318 est,
390 2242 557 2304 hominum
580 2262 657 2304 vero
680 2243 776 2304 deum
800 2250 860 2304 etc.
905 2242 1038 2305 Licetne
1068 2243 1163 2320 igitur
1191 2263 1275 2317 eum,
1308 2243 1363 2323 qui
1384 2242 1448 2307 hoc

189 2357 281 2411 tanto
309 2347 477 2430 privilegio
507 2349 637 2428 gaudet,
668 2367 796 2409 servum
825 2347 940 2424 dicere,
972 2348 1026 2428 qui
1055 2348 1180 2410 etiamsi
1206 2349 1331 2410 divinae
1353 2349 1448 2412 sortis

190 2473 255 2515 non
277 2452 346 2534 ipse
368 2453 531 2534 particeps
553 2461 612 2527 est,
635 2461 745 2515 tamen
767 2460 902 2534 propter
923 2473 1005 2528 eam,
1037 2471 1135 2531 quam
1158 2473 1231 2516 cum
1261 2454 1324 2516 deo
1349 2453 1448 2517 habet

188 2557 363 2621 amicitiam
386 2578 517 2620 necesse
539 2567 589 2619 est
611 2558 725 2621 beatus
747 2557 826 2621 siti«
866 2557 904 2619 In
925 2557 975 2620 his
990 2558 1091 2620 Mosis
1113 2559 1234 2621 dictum
1261 2578 1335 2620 cum
1356 2559 1448 2621 inter·

187 2655 370 2745 pretatione
409 2671 525 2745 postea
558 2663 751 2725 inculcatum
780 2683 851 2725 esse
881 2662 1085 2725 manifestum
1115 2671 1179 2740 est,
1210 2664 1330 2746 quippe
1358 2665 1447 2728 cuius

190 2769 277 2831 nulla
297 2769 329 2830 in
351 2769 411 2830 hac
433 2767 638 2830 conclusione
661 2768 818 2830 habeatur
832 2769 923 2831 ratio
969 2766 1062 2848 Quae
1077 2769 1162 2830 enim
1177 2777 1227 2831 est
1242 2769 1302 2831 ista
1316 2770 1448 2852 τοσαύτη

189 2874 354 2956 προνομία,
390 2894 453 2955 qua
491 2875 619 2954 sapiens
650 2871 782 2935 fruitur?
833 2873 887 2935 Ex
912 2873 1031 2951 Mosis‚
1064 2875 1153 2954 quod
1183 2875 1332 2955 proxime
1362 2885 1448 2938 ante·

191 2980 287 3056 cedit,
309 2979 396 3041 dicto
417 2979 657 3060 exspectaveris
679 2979 769 3040 ineo
792 2998 864 3039 eam
887 2978 982 3040 sitam
1005 2997 1084 3052 esse,
1107 2981 1196 3059 quod
1219 2980 1299 3042 deus
1313 2981 1362 3043 sit.
1400 2981 1448 3043 At

190 3085 221 3147 id
245 3084 350 3164 ipsum
373 3085 534 3164 expressis
549 3084 654 3146 verbis
670 3092 805 3163 negatur
829 3083 871 3164 (ὃς
886 3083 975 3154 εἶκαὶ
991 3082 1081 3155 θείας
1096 3085 1150 3144 οὐκ
1172 3085 1295 3162 ἠξίωται
1316 3086 1447 3167 μοίρας),

191 3189 249 3252 sed
278 3188 341 3251 hoc
369 3188 476 3250 solum
505 3189 534 3250 ei
563 3189 749 3252 conceditur
778 3187 979 3268 privilegium
1002 3187 1037 3247 τὸ
1059 3187 1137 3271 φίλῳ
1155 3193 1294 3271 χρῆσθαι
1316 3192 1390 3273 θεῷ,
1414 3199 1449 3251 ut

190 3294 348 3356 artissime
361 3293 556 3356 cohaereant
570 3294 668 3357 verba
682 3287 743 3376 ἆρα
758 3294 841 3365 ἄξιον
855 3293 908 3353 τὸν
922 3292 1086 3374 προνομίας
1100 3295 1248 3374 τοσαύτης
1263 3294 1448 3375 τετυχηκότα

189 3399 296 3460 δοῦλον
318 3422 345 3460 κ.
360 3401 430 3461 al„
455 3418 530 3460 cum
553 3398 598 3473 iis,
623 3419 706 3479 quae
729 3407 803 3460 ante
816 3397 916 3460 Mosis
939 3398 1060 3460 dictum
1082 3399 1123 3460 de
1145 3400 1290 3480 sapiente
1306 3421 1448 3482 pronun·

191 3506 318 3579 tiantur,
342 3524 416 3566 eum
439 3512 572 3585 propter
594 3524 739 3567 amorem
761 3504 792 3565 in
814 3504 911 3566 deum
934 3502 1002 3584 pari
1025 3502 1144 3567 abhoc
1160 3505 1448 3575 affectuhonorari.

193 3608 271 3672 Alia
300 3618 350 3672 est
379 3629 491 3684 causa,
522 3631 578 3672 cur
600 3609 701 3671 Mosis
724 3609 845 3670 dictum
875 3608 1068 3671 inculcatum
1098 3629 1170 3672 esse
1200 3612 1448 3674 existimandum

192 3716 243 3792 sit,
267 3715 354 3796 quod
377 3714 420 3776 ibi
442 3715 595 3796 sapientis
618 3721 743 3776 tantum
773 3713 804 3774 in
827 3714 924 3775 deum
943 3733 1035 3775 amor
1057 3716 1220 3794 premitur,
1252 3716 1339 3779 nulla
1360 3738 1448 3779 men-

189 3820 278 3882 tione
298 3809 381 3882 facta
403 3820 455 3882 dei
477 3840 554 3901 erga
577 3826 651 3881 ‘eum
673 3817 801 3894 amoris
825 3839 868 3880 ex
891 3837 957 3898 quo
979 3826 1049 3881 tota
1078 3820 1138 3881 ista
1168 3820 1331 3884 conclusio
1354 3821 1448 3902 proii-

190 3924 327 3991 ciscitur.

255 4068 257 4075 ›
279 4029 407 4093 Tertius
427 4028 517 4092 locus
539 4050 572 4112 p.
593 4043 659 4109 454
679 4037 797 4103 exstat,
821 4026 874 4089 ubi
889 4027 1027 4091 Zenonis
1046 4030 1138 4093 illud:
1162 4050 1268 4094 nonne
1283 4030 1448 4112 vapulabit

190 4134 304 4209 malus
326 4135 353 4201 si
376 4133 481 4216 probo
504 4134 742 4210 contradixerit,
767 4141 936 4197 revocatur
954 4137 996 4197 ad
1017 4154 1065 4210 ea,
1096 4156 1180 4215 quae
1201 4137 1233 4199 in
1255 4136 1448 4199 ludaeorum

190 4239 316 4321 legibus
337 4240 378 4303 de
400 4239 512 4302 Isaaco
535 4248 703 4302 narrantur
721 4239 810 4302 Esao
832 4236 898 4300 filio
918 4239 1125 4320 praedicante
1156 4240 1260 4304 fratris
1290 4260 1364 4302 eum
1387 4261 1448 4304 ser·

190 4364 268 4406 vum
297 4343 439 4408 futurum
468 4363 550 4413 esse.
594 4344 683 4406 Bene
712 4345 797 4409 enim
827 4344 916 4406 illum
946 4347 1160 4426 perspexisse,
1191 4366 1354 4409 summum
1376 4367 1448 4410 esse
