3276 5040
707 353 916 479 -u-

183 576 318 649 entibus,
343 574 459 656 Magis‚
483 571 769 654 Gymnosophistis
790 571 976 633 memoratis
998 568 1060 631 έστι
1083 568 1115 629 δὲ
1138 570 1187 629 καί
1209 570 1228 648 ἡ
1248 567 1440 647 Παλαιστίνη

184 682 233 743 καὶ
265 681 360 760 Συρία
396 678 624 761 καλοκαγαθίας
659 679 712 738 οὐκ
748 678 868 759 δγονος,
904 675 942 754 ἣν
977 675 1295 758 πολυανθρωποτάτου
1334 671 1442 745 έθνοος

189 795 249 847 τῶν
269 783 424 846 Ἰουδαίων
453 786 507 844 οὐκ
535 783 618 864 ὀλίγη
639 791 732 864 μοῖρα
755 780 874 860 νέμεται
897 805 925 845 κ.
949 803 976 841 τ.
1000 783 1026 844 λ.
1070 781 1180 842 Moses
1211 779 1312 842 semel
1342 779 1441 841 nomi·

189 900 290 966 natur,
315 890 443 972 reliquis
466 890 544 952 locis
567 909 608 950 ne
630 889 758 950 nomine
778 888 908 968 quidem
930 886 1082 968 apposito
1105 884 1120 944 ὁ
1142 894 1203 945 τῶν
1225 871 1442 945 Ἰουδαιίιιννσ

187 995 325 1077 μοθέτης
346 994 529 1076 appellatur
550 1013 606 1075 pp.
624 1009 697 1072 449.
716 1007 764 1072 52.
784 992 832 1071 56.
869 991 994 1053 Evolve
1008 990 1149 1053 Philonis
1166 990 1273 1065 libroS,
1292 1008 1443 1071 percurre

187 1120 313 1175 omnes,
349 1099 529 1180 ubicunque
560 1098 661 1160 Mosis
698 1100 888 1160 auctoritate
925 1098 1036 1172 utitur,
1068 1106 1123 1160 aut
1152 1096 1338 1178 simpliciter
1368 1113 1443 1156 eum

190 1207 320 1268 nomine
343 1204 455 1279 adfert,
479 1212 535 1266 aut
558 1203 574 1263 ὃ
596 1202 749 1286 πάνσοφσς
767 1204 820 1265 'vel
846 1202 861 1262 ὁ
883 1201 992 1280 νόμους
1013 1201 1229 1281 διαταξάμενος
1238 1201 1294 1263 ‘vel
1312 1200 1377 1263 tale
1392 1199 1444 1261 ali·
1550 1204 1552 1211 '

189 1312 266 1392 quid
290 1312 375 1385 dicit,
406 1311 455 1372 cui
486 1310 669 1390 respondet,
700 1309 788 1388 quod
809 1328 919 1370 sacros
941 1328 1017 1370 suae
1040 1309 1144 1390 gentis
1168 1308 1266 1371 libros
1285 1325 1444 1387 nusquam

191 1418 246 1496 τὴν
267 1413 357 1481 Ἰουδ.
381 1414 564 1493 νομοθεσίαν
585 1415 738 1488 nominat,
769 1422 804 1475 ut
833 1415 924 1475 huius
951 1413 1020 1476 libri
1049 1416 1186 1496 scriptor
1210 1415 1251 1495 (p.
1271 1412 1356 1494 454),
1387 1411 1444 1472 sed
1532 1421 1535 1426 “

192 1523 247 1601 τὴν
274 1521 458 1600 νομοθεσίαν
484 1521 571 1599 ἡμῶν
599 1518 649 1580 vel
673 1516 753 1600 ἱερὰς
772 1519 898 1597 βίβλους
918 1518 969 1580 vel
995 1519 1146 1586 similiter.
1173 1519 1327 1581 ‘Iudaeus
1355 1516 1440 1578 enim

189 1636 223 1689 et
244 1646 316 1689 esse
339 1635 372 1688 et
393 1625 493 1687 videri
505 1623 592 1691 uult.
636 1623 768 1685 Prorsus
792 1631 900 1686 autem
921 1624 962 1686 ab
977 1645 1017 1686 eo
1032 1625 1214 1702 abhorrere,
1229 1625 1317 1704 quod
1333 1644 1364 1704 p.
1380 1636 1443 1701 452

188 1731 380 1793 Iudaeorum
402 1730 511 1810 legum
535 1728 618 1791 lator
638 1736 751 1809 γυμνῆς
778 1729 825 1800 ὡς
852 1727 965 1810 λόγος
992 1731 1123 1810 ἀσκητὴς
1144 1728 1323 1812 φιλοσοφίας
1344 1727 1441 1790 fuisse

189 1837 311 1910 dicitur,
334 1836 397 1897 iam
419 1833 607 1897 Frankelius
630 1835 862 1896 animadvertit.

273 1941 400 2002 Deinde
430 1939 575 2001 nonnulli
603 1940 803 2002 inveniuntur
831 1939 905 2013 loci,
936 1941 990 2019 qui
1019 1940 1060 2002 ab
1091 1941 1143 2015 iis,
1175 1961 1258 2022 quae
1280 1939 1371 2001 Philo
1401 1938 1443 2000 de

189 2044 283 2107 rebus
307 2045 420 2107 divinis
442 2044 611 2120 sentiebat,
629 2027 820 2127 discrepant.
865 2044 921 2107 Ille
936 2047 1030 2121 enim,
1054 2066 1127 2108 curn
1143 2067 1242 2108 unum
1258 2046 1355 2107 deum
1374 2063 1445 2106 esse

187 2151 342 2226 crederet,
374 2151 568 2213 Iudaeorum
597 2150 702 2224 deum,
733 2158 766 2212 et
795 2150 1003 2213 vehementer
1032 2152 1219 2232 saepissime
1245 2132 1447 2212 inveheretur

189 2275 264 2317 cum
288 2255 319 2317 in
342 2275 407 2329 eos,
433 2256 487 2336 qui
510 2257 589 2317 deos
612 2274 683 2317 esse
706 2263 869 2335 negarent,
890 2263 958 2317 turn
974 2256 1085 2330 ineos,
1110 2257 1165 2336 qui
1178 2256 1285 2338 plures
1301 2275 1371 2317 esse
1388 2274 1445 2316 eos

188 2362 340 2435 dicerent,
365 2380 430 2423 non
452 2361 557 2442 potuit
579 2359 718 2422 scribere
741 2361 785 2441 (p.
802 2359 949 2442 451ί52);
974 2362 1001 2420 εἴ
1012 2361 1055 2440 μὴ
1069 2369 1131 2433 τοῖς
1144 2360 1200 2440 μέν
1222 2370 1283 2421 τῶν
1297 2357 1447 2439 βασιλέων

188 2461 317 2548 ἑταίροις
347 2467 428 2538 δίξιον
455 2466 498 2546 μὴ
526 2464 620 2544 μόνον
646 2463 829 2547 ἐλευθερίαν,
860 2467 935 2526 ἀλλὰ
965 2467 1014 2527 καὶ
1041 2468 1137 2549 ἀρχὴν
1165 2471 1377 2548 συνομολογεῖν
1399 2501 1446 2548 -,

188 2578 252 2642 τοῖς
282 2569 316 2631 δὲ
346 2575 429 2631 θεῶν
456 2579 517 2631 τῶν
539 2568 710 2649 Ὀλυμπίων
736 2571 873 2632 δουλείαν
900 2571 1123 2654 ε’τιιιγημιστέον,
1153 2571 1185 2632 οἳ
1202 2597 1229 2633 κ.
1246 2596 1273 2639 τ,
1288 2577 1315 2637 λ.
1360 2572 1445 2634 Nam

192 2678 281 2759 quod
303 2697 362 2739 nos
384 2677 608 2739 consuevimus
628 2685 737 2739 vetere
759 2697 777 2738 e
801 2697 890 2738 more
912 2677 992 2739 deos
1016 2678 1122 2740 dicere
1152 2699 1211 2760 pro
1242 2699 1317 2753 un0,
1347 2697 1445 2760 quem

189 2783 364 2856 credimus,
399 2782 497 2844 talem
527 2782 725 2862 impietatem
758 2801 916 2861 nusquam
949 2782 980 2843 in
1013 2801 1047 2844 se
1073 2784 1217 2858 admisit,
1249 2786 1349 2846 immo
1378 2791 1446 2844 tarn

190 2887 306 2962 anxius
328 2885 386 2948 fuit
407 2889 438 2949 in
461 2886 521 2949 hac
544 2907 587 2959 re,
611 2895 646 2948 ut
662 2887 693 2948 in
714 2887 795 2949 libro
818 2887 885 2968 περὶ
900 2885 1008 2967 Ιμέθης
1027 2887 1052 2971 (Ι
1069 2889 1152 2969 380),
1176 2889 1229 2950 ubi
1252 2909 1295 2950 ex
1313 2887 1446 2951 Hesiodi

192 2991 343 3073 operibus
372 3012 423 3054 vv.
446 2993 517 3071 287.
542 2993 659 3071 28992
690 2999 923 3069 memorantur,
956 3011 1017 3073 pro
1046 2993 1114 3053 θεολ
1145 2991 1261 3074 έθηκαν
1291 2991 1443 3054 ἀθάνατοι

191 3097 345 3160 scriberet
366 3097 440 3169 θεὸς
462 3094 572 3177 έθηκεν
594 3095 758 3169 ἀθάνατος.
800 3097 924 3159 Eadem
946 3098 987 3159 de
1003 3118 1099 3160 causa
1115 3098 1212 3160 abeo
1228 3099 1367 3160 alienum
1387 3107 1445 3173 est,

191 3203 280 3282 quod
295 3223 327 3284 p.
340 3204 403 3280 448
419 3200 590 3284 Sophoclis
605 3222 716 3266 versus
730 3201 815 3263 οὐδὲν
829 3211 890 3263 τῶν
904 3203 1141 3285 Πυθοχρήστινν
1156 3202 1307 3286 διαφέρον,
1331 3225 1362 3285 p.
1384 3220 1450 3286 470

196 3308 334 3370 Zenonis
364 3308 485 3371 dictum
518 3310 552 3369 οὐ
580 3306 748 3387 Ζηνώνειον
775 3311 889 3387 μᾶλλον
917 3306 936 3387 ἢ
965 3306 1194 3390 Πυθόχρηστον
1223 3330 1294 3372 esse
1324 3310 1447 3384 dicitur,

195 3413 283 3494 quod
306 3432 336 3493 p.
360 3413 422 3489 462
442 3413 589 3475 Herculis
612 3414 765 3494 exemplo
787 3413 886 3476 allato
908 3413 1094 3475 conceditur
1122 3415 1281 3496 exemplis
1302 3415 1447 3488 heroum,

192 3519 313 3598 quippe
336 3519 389 3597 qui
413 3518 516 3580 mixto
538 3526 570 3580 et
592 3519 699 3580 divino
722 3527 754 3579 et
776 3518 918 3580 humano
942 3519 1063 3582 semine
1085 3520 1147 3582 sint
1176 3521 1250 3594 nati,
1281 3520 1449 3581 hominum
1519 3532 1522 3537 ’

193 3621 375 3685 libertatem
406 3642 469 3684 non
499 3623 628 3703 probari
656 3622 707 3684 vel
738 3625 826 3702 quod
853 3623 951 3704 paulo
982 3624 1061 3686 infra
1090 3625 1204 3688 dicitur
1233 3624 1384 3687 heroibus
1413 3624 1448 3684 τὸ

192 3724 275 3798 κλέος
307 3725 337 3786 ἓν
369 3733 432 3797 τοῖς
465 3728 648 3808 φυτεύουσιν
684 3729 824 3790 ἀκούσιον
857 3750 937 3791 esse.
991 3729 1076 3792 Vide
1100 3731 1223 3818 modo,
1265 3750 1363 3811 quem
1396 3731 1448 3792 ad·

193 3831 328 3893 modurn
343 3816 434 3893 Philo
457 3833 497 3894 de
520 3831 671 3896 heroibus
693 3833 858 3914 loquatur:
881 3835 923 3896 de
944 3853 1054 3915 congr.
1077 3855 1185 3916 quaer.
1211 3838 1322 3898 emdit.
1347 3836 1450 3916 gratia

192 3937 206 3998 I
237 3952 314 4015 521:
354 3919 573 4018 κακοπραγίας,
613 3932 661 4010 αἷς
689 3941 759 4011 τοὺς
785 3937 947 4026 ᾀδομένους
975 3930 1042 4021 παρ’
1074 3943 1176 4012 αὐτοῖς
1208 3941 1309 4022 ἥρωάς
1338 3963 1370 4001 τε
1400 3940 1450 4001 καὶ

193 4039 340 4120 ἡμιθέους
367 4040 452 4124 λόγος
482 4040 540 4121 έχει
564 4044 754 4126 χρήσασθαι,
786 4044 847 4124 leg.
874 4046 925 4110 ad.
949 4043 1065 4107 Gaium
1093 4046 1123 4107 Il
1148 4060 1222 4126 557:
1260 4047 1368 4127 ἤρχετο
1393 4046 1451 4127 γὰρ

194 4144 345 4224 ἐξομοιοῦν
374 4147 409 4206 τὸ
437 4156 557 4229 πρῶτον
594 4156 656 4220 τοῖς
691 4147 856 4230 λεγομένοις
877 4147 1017 4230 ἡμιθέοις
1045 4145 1160 4216 ἔαυτόν,
1193 4153 1232 4214 de
1264 4172 1385 4234 praem.
1418 4160 1452 4213 et

194 4247 308 4342 poenis
330 4252 461 4333 11409:
495 4252 548 4315 ubi
571 4255 718 4328 narravit,
749 4275 832 4337 quae
860 4256 901 4318 de
923 4255 1126 4338 Triptolemo
1159 4256 1342 4321 serebantur
1376 4278 1451 4320 eum

194 4357 386 4420 draconibus
418 4366 547 4421 vectum
580 4379 639 4440 per
667 4380 780 4422 omnes
809 4369 911 4423 terras
939 4361 1099 4424 frumento
1129 4364 1268 4426 donasse
1298 4363 1452 4426 mortales
