3276 5040
711 375 918 437 ,40-

186 535 275 595 metu
297 526 478 593 libertatem
500 527 569 592 tolli
592 529 689 592 etiam
711 527 835 593 Seneca
852 531 915 594 'nos
938 531 1050 593 docet:
1075 551 1125 612 ep.
1145 531 1195 606 26,
1218 549 1256 612 9:
1280 529 1344 612 Qui
1360 532 1459 606 mori

185 632 308 708 didicit,
332 633 450 696 servire
469 632 629 698 dedidicit.
647 655 698 716 ep.
722 649 773 715 74,
794 651 827 713 3:
849 635 906 697 nisi
925 635 976 698 hic
993 637 1127 718 (mortis)
1151 636 1289 700 timore
1310 645 1445 718 pectore

186 739 306 803 eiectus
335 747 394 812 est,
425 738 655 821 palpitantibus
682 740 879 821 praecordiis
904 741 1029 806 vivitur.
1074 762 1126 823 ep.
1148 757 1199 824 77,
1228 758 1283 822 13:
1319 743 1394 819 vita,
1418 741 1445 805 si
1503 754 1506 761 '

187 843 343 909 moriendi
356 904 358 908 ,
373 844 472 907 virtus
495 845 596 919 abest,
624 845 760 908 servitus
786 855 845 909 est.
897 866 948 927 ep.
972 847 1022 920 80,
1049 861 1084 926 5:
1117 846 1218 911 libera
1243 856 1276 910 te
1304 847 1445 929 primum

186 957 275 1013 metu
304 949 433 1011 mortis:
477 948 531 1011 illa
560 949 653 1012 nobis
682 950 793 1030 iugum
822 951 967 1032 imponit.
1012 951 1180 1014 Praeterea
1202 949 1326 1014 adferre
1349 950 1445 1015 liceat

187 1054 326 1136 Epictet.
343 1053 388 1116 III
404 1054 454 1127 26,
473 1055 522 1134 38.
539 1071 598 1134 39:
619 1055 648 1116 τὶ
667 1052 764 1115 δὲκαὶ
779 1056 814 1116 τὸ
829 1055 921 1137 πέρας
934 1065 988 1136 τῆς
1002 1056 1107 1132 νόσους
1130 1050 1201 1118 lato
1215 1054 1277 1136 τιῆ
1293 1051 1447 1132 θάνατος

188 1151 234 1243 ἄρ’
268 1153 321 1219 οὖν
349 1157 482 1247 ἐνθυμῇ,
512 1159 558 1220 ὅτι
585 1157 746 1242 κεφάλαιον
767 1169 856 1222 τοῦτο
874 1161 997 1223 πάντων
1019 1171 1080 1223 τῶν
1101 1171 1203 1222 κακῶν
1224 1164 1267 1246 τᾷ,
1289 1159 1448 1244 ἀνθρώπῳ

188 1267 238 1327 καὶ
254 1266 403 1348 ἀγεννείας
418 1265 468 1327 καὶ
484 1265 595 1337 δειλίας
612 1268 646 1327 οὐ
662 1261 797 1338 θάνατός
812 1265 884 1342 ἔστι,
899 1270 1013 1346 μᾶλλον
1028 1261 1079 1328 δ”ὅ
1100 1276 1154 1328 τοῦ
1175 1261 1313 1328 θανάτου
1334 1265 1450 1349 φόβοςς

188 1369 256 1434 Ἐπὶ
286 1380 392 1432 τοῦτον
421 1365 473 1431 οὖν
499 1393 551 1448 μοι
579 1367 745 1451 γυμνάζων·
768 1370 904 1433 ἐνταῦθα
927 1372 1093 1434 vautram
1115 1370 1142 1434 οἳ
1164 1372 1244 1455 λόγοι
1267 1365 1384 1447 πάντες,
1408 1372 1448 1432 τὰ

188 1477 360 1556 ἀσκήματα,
384 1476 423 1536 τὰ
445 1474 683 1557 ἀναγνώσματα·
706 1477 755 1536 καὶ
780 1475 854 1560 εἴσῃ,
877 1476 923 1538 ὅτι
946 1478 1025 1539 οὕτω
1046 1476 1146 1556 μόνως
1168 1478 1396 1560 ἐλευθεροῦνται
1421 1474 1449 1538 oi

188 1583 357 1665 ἄνθρωποι.
395 1580 641 1663 »(Contemnere
663 1591 802 1663 oportet,
827 1602 909 1662 quae
932 1581 1078 1664 plerique
1091 1583 1123 1644 in
1138 1581 1229 1645 malis
1243 1583 1374 1665 ducunt)
1392 1583 1448 1662 qui

189 1707 291 1768 pravo
320 1686 436 1748 iudicio
464 1706 593 1749 servum
623 1707 695 1750 esse
724 1687 810 1751 idem
839 1707 910 1750 esse
941 1696 1056 1767 putant
1078 1696 1175 1766 atque
1198 1687 1371 1750 ministeria
1393 1707 1448 1750 ex·

187 1791 307 1866 hibere,
331 1812 406 1855 cum
427 1811 534 1855 mores
557 1792 717 1875 respicere
739 1794 861 1856 deceat.
906 1793 991 1856 Nam
1015 1794 1040 1854 is
1066 1811 1177 1854 servus
1200 1802 1248 1854 est
1270 1791 1447 1866 habendus,

190 1899 245 1978 qui
274 1896 385 1960 humili
422 1906 455 1959 et
489 1898 615 1962 abiecto
645 1899 753 1961 animo
790 1897 919 1961 sordida
949 1898 1079 1978 negotia
1105 1906 1218 1960 contra
1248 1897 1450 1960 voluntatem

189 2003 337 2082 suscipit:
362 2002 388 2064 is
410 2011 528 2078 autem,
551 2005 605 2083 qui
628 2004 766 2084 tempori
788 2003 949 2084 praesenti
972 2023 1022 2064 res
1037 2023 1111 2065 suas
1131 2003 1323 2066 accomodat
1343 2023 1449 2083 neque

190 2107 376 2188 quidquam,
400 2127 473 2170 cum
496 2109 654 2182 acciderit,
678 2117 713 2170 ut
734 2109 910 2171 inauditum
939 2127 1124 2188 novumque
1146 2109 1320 2170 admiratur
1328 2104 1364 2185 ¹),
1391 2103 1450 2167 sed

190 2213 273 2276 bene
296 2224 468 2294 perspecto
490 2214 596 2276 divina
618 2215 748 2293 quidem
771 2223 902 2276 aeterno
925 2214 1035 2276 ordine
1065 2212 1134 2286 frui,
1166 2210 1318 2274 mortales
1340 2218 1449 2272 autem

192 2339 243 2381 res
267 2319 358 2398 quasi
381 2319 412 2381 in
435 2320 527 2381 undis
550 2329 583 2380 et
597 2319 844 2399 tempestatibus
861 2319 980 2388 iactari,
1004 2318 1080 2381 nihil
1101 2327 1274 2399 antequam
1298 2315 1450 2388 evenerit,

192 2444 257 2486 non
280 2425 406 2486 evenire
429 2444 526 2505 posse
549 2424 720 2487 arbitratur
734 2432 775 2496 et,
800 2443 1010 2504 quaecunque
1026 2425 1217 2496 acciderunt,
1234 2421 1358 2484 fortiter
1379 2418 1450 2493 fert,

192 2530 218 2593 is
240 2529 368 2611 sapiens
391 2538 441 2591 est
463 2538 495 2591 et
517 2529 625 2592 libem
661 2529 759 2590 Priori
782 2527 957 2591 definitioni
979 2528 1118 2591 hominis
1132 2548 1207 2590 vere
1223 2526 1305 2590 servi
1321 2543 1451 2605 respon·

194 2634 280 2710 dent,
304 2655 388 2716 quae
411 2636 496 2716 apud
521 2633 707 2697 Ciceronem
730 2635 840 2716 parad.
863 2634 944 2696 Vc.
973 2651 984 2694 1
1012 2633 1176 2714 leguntur:
1199 2633 1275 2694 Non
1299 2630 1385 2693 enim
1407 2629 1452 2691 ita

192 2740 302 2802 dicunt
324 2761 381 2803 eos
404 2761 475 2803 esse
497 2761 617 2815 servos,
653 2750 688 2802 ut
718 2740 885 2820 mancipia,
917 2759 1000 2818 quae
1029 2748 1102 2800 sunt
1132 2738 1336 2801 dominorum
1366 2733 1452 2797 iacta

193 2863 280 2906 nexo
303 2855 359 2906 aut
381 2846 488 2925 aliquo
512 2847 579 2907 iure
600 2844 690 2919 civili,
714 2845 780 2917 sed,
804 2845 830 2907 si
852 2845 987 2906 servitus
1002 2845 1050 2917 sit,
1076 2844 1157 2906 sicut
1171 2852 1229 2917 est,
1247 2839 1453 2905 oboedientia

193 2948 284 3012 fracti
300 2950 396 3012 animi
419 2961 452 3012 et
472 2950 588 3013 abiecti
609 2960 641 3011 et
656 2949 785 3012 arbitrio
801 2950 937 3012 carentis
953 2970 1022 3025 su0‚
1039 2950 1109 3030 quis
1126 2957 1222 3029 neget
1238 2966 1350 3009 omnes
1365 2943 1454 3006 leves

195 3063 256 3122 etc.
279 3091 322 3101 ——
344 3075 416 3118 esse
437 3053 569 3117 servos?
590 3055 647 3117 Ad
668 3053 803 3118 alteram
826 3053 957 3117 confero
981 3053 1046 3116 Cic.
1071 3053 1202 3116 Tuscul.
1227 3052 1258 3114 V
1283 3054 1341 3115 81:
1364 3048 1452 3130 Sapi-

196 3160 277 3222 entis
298 3169 348 3222 est
369 3198 411 3209 -
433 3160 601 3242 proprium
624 3197 663 3208 -
688 3160 762 3223 nihil
784 3161 828 3222 ita
850 3170 1041 3240 exspectare
1064 3160 1155 3239 quasi
1181 3168 1270 3221 certo
1301 3152 1452 3224 futurum,

195 3264 271 3327 nihil
304 3285 377 3327 cum
407 3266 572 3340 acciderit,
602 3265 765 3339 admirari,
797 3275 832 3326 ut
860 3265 1060 3345 inopinatum
1089 3284 1127 3326 ac
1157 3281 1278 3326 novum
1300 3256 1453 3320 accidisse

196 3371 352 3434 videatur.
398 3369 509 3433 Senec.
533 3391 585 3452 ep.
608 3388 660 3451 91,
688 3387 734 3447 14
763 3384 816 3448 15:
853 3370 1024 3432 Formetur
1046 3369 1171 3432 animus
1193 3369 1233 3430 ad
1256 3364 1455 3429 intellectum

196 3476 448 3556 patientiamque
471 3478 566 3538 sortis
588 3496 665 3538 suae
687 3484 720 3537 et
741 3475 821 3537 sciat
842 3473 918 3536 nihil
941 3475 1085 3536 inausum
1109 3494 1179 3536 esse
1210 3472 1365 3543 fortunae,
1401 3467 1454 3530 ad·

196 3602 308 3644 versus
330 3581 463 3663 imperia
485 3580 573 3644 illam
591 3561 688 3645 ‘idem
709 3579 829 3643 habere
859 3579 932 3641 iuris
962 3579 1050 3660 quod
1073 3579 1225 3641 adversus
1247 3579 1452 3657 imperantes,

196 3686 350 3749 adversus
374 3687 468 3750 urbes
490 3687 576 3750 idem
599 3707 705 3768 posse,
729 3685 817 3766 quod
843 3684 996 3747 adversus
1025 3683 1181 3746 homines.
1226 3681 1312 3744 Nihil
1336 3679 1455 3742 horum

193 3792 430 3873 indignandum
450 3802 518 3855 est:
542 3794 573 3854 in
595 3813 669 3855 eum
692 3790 877 3853 intravimus
901 3789 1065 3863 mundum,
1096 3790 1126 3850 in
1156 3808 1222 3868 quo
1251 3786 1300 3850 his
1330 3784 1456 3866 legibus

198 3898 321 3961 vivitur,
347 3918 397 3979 ep.
426 3914 493 3979 107,
516 3916 546 3976 4.
571 3907 674 3979 tranq,
698 3898 794 3963 anim,
821 3912 867 3968 11,
893 3909 927 3974 5:
956 3892 1120 3974 Quidquid
1141 3895 1224 3955 enim
1246 3891 1313 3955 fieri
1336 3898 1455 3972 potest,

198 4004 291 4082 quasi
305 4003 448 4068 futurum
462 4003 512 4077 sit,
536 4002 761 4084 prospiciendo
778 3999 936 4063 malorum
954 4000 1097 4062 omnium
1112 4001 1252 4080 impetus
1266 3996 1388 4059 molliet
1404 4034 1455 4058 -.

200 4107 349 4172 Sciebam
371 4111 519 4189 inquam
540 4109 774 4171 tumultuosum
803 4126 856 4168 me
885 4105 1128 4168 contubernium
1158 4112 1270 4166 natura
1300 4101 1455 4164 duxisset.

197 4264 273 4272 ——-—-
297 4268 314 4272 .-

285 4347 308 4412 ¹)
326 4351 416 4420 μηδὲν
433 4347 531 4401 καινὸν
549 4342 598 4399 ἀπ’
620 4342 675 4414 (ἐπ’
696 4343 914 4410 Wilamowitzius)
934 4338 1093 4415 ἀνθρώπων
1112 4341 1181 4396 εἶναι
1200 4343 1328 4410 νομίζων.
