3276 5040
708 411 918 476 -27-

187 561 220 626 dt*
241 564 292 624 καὶ
315 566 444 624 ἀπειλῶν
465 584 568 645 usque
590 565 632 627 ad
651 565 750 628 verba
772 565 807 626 τὸ
829 565 1003 626 δυσάλωτον
1031 567 1081 626 καὶ
1108 567 1152 646 μὴ
1182 567 1446 649 εὐκαταφρόνητον

187 668 349 755 δείκνυται.
400 651 483 731 Item
517 689 601 750 quae
633 671 782 752 proxime
814 672 957 750 sequitur
989 671 1096 751 captio
1130 670 1347 752 (vehementer
1376 693 1441 735 cor-

188 777 304 858 rupta),
336 794 419 855 quae
450 783 499 837 est
521 795 623 856 usque
644 776 686 837 ad
708 796 819 837 versus
841 775 898 857 tyb
920 772 949 836 δ’
972 772 1104 854 ἐμαυτοῦ
1122 799 1150 839 κ.
1173 799 1201 842 τ.
1224 779 1250 840 λ.
1273 786 1441 857 praeterea

188 878 389 961 Theognidis
418 900 530 942 versus
555 900 629 942 cum
659 881 920 961 interpretatione
949 881 1042 943 simul
1073 901 1146 942 cum
1176 881 1318 944 irrisione
1357 902 1441 962 quae

189 986 276 1048 nullo
304 1005 381 1048 sane
410 984 638 1048 sententiarum
662 1006 745 1048 nexu
769 985 912 1065 sequitur
941 1005 1062 1060 eorum,
1094 986 1148 1066 qui
1179 987 1364 1049 manumissi
1395 989 1439 1051 id·

190 1091 275 1154 circo
304 1110 340 1153 se
362 1089 480 1153 liberos
501 1110 572 1152 esse
594 1100 717 1172 putent.
763 1092 854 1153 Haec
875 1092 983 1153 omnia
1004 1091 1093 1154 brevi
1116 1111 1212 1153 manu
1242 1100 1316 1153 sunt
1341 1112 1444 1154 remo-

188 1197 293 1258 venda
322 1204 355 1258 et
383 1195 560 1270 tribuenda,
592 1196 680 1277 quod
710 1196 790 1258 ratio
813 1196 921 1269 dictat,
945 1197 974 1257 ei
996 1197 1126 1270 auctori,
1150 1197 1200 1258 cui
1221 1197 1442 1278 quaestionem

188 1300 381 1382 compilator
402 1300 507 1374 debet,
531 1302 575 1363 ita
597 1310 632 1363 ut
654 1321 692 1362 ea
707 1302 877 1383 exscripta,
900 1319 982 1380 quae
998 1301 1143 1363 omisisse
1157 1321 1231 1364 eum
1246 1302 1445 1383 poenitebat,

189 1406 332 1473 adderet.
375 1404 470 1468 Plura
491 1414 599 1467 autem
620 1405 661 1467 de
683 1407 729 1469 eis
751 1427 810 1469 suo
833 1406 906 1468 loco
929 1405 1081 1468 dicemus.

274 1512 343 1573 Iam
373 1510 469 1588 igitur
497 1511 538 1572 ad
568 1510 720 1591 exempla
750 1513 904 1574 accedere
932 1511 1033 1583 liceat,
1065 1511 1220 1590 equibus
1241 1531 1280 1574 ea
1301 1512 1442 1592 primum

190 1615 390 1697 colligamus,
418 1636 501 1697 quae
531 1617 667 1697 scriptor
697 1618 777 1678 miro
808 1617 924 1679 mentis
953 1636 1060 1678 errore
1088 1636 1130 1678 ex
1152 1616 1233 1679 libro
1256 1616 1444 1697 desumpsit,

191 1741 256 1800 quo
277 1723 424 1784 homines
444 1722 709 1796 admonebantur,
733 1731 769 1784 ut
791 1722 972 1784 libertatem
997 1722 1040 1801 (id
1065 1731 1114 1784 est
1136 1742 1217 1805 eam,
1241 1742 1323 1803 quae
1345 1721 1445 1802 vulgo

191 1829 333 1909 putatur)
356 1826 505 1889 omnibus
528 1827 622 1889 rebus
646 1827 806 1907 mortique
827 1827 887 1907 ipsi
909 1835 1151 1907 anteponerent,
1180 1846 1262 1905 quae
1285 1828 1380 1907 igitur
1401 1846 1445 1888 ex

190 1933 274 1995 libro
296 1932 483 2013 desumpsit,
509 1933 562 2012 qui
585 1952 717 2013 prorsus
739 1933 897 1993 contraria
920 1932 1070 2007 docebat,
1094 1941 1192 2011 atque
1215 1932 1284 2012 ipse
1299 1931 1358 1994 sibi
1373 1951 1445 2012 pro-

190 2038 299 2119 posuit
328 2038 455 2099 doeere.
507 2036 580 2098 Huc
609 2046 719 2098 autem
746 2037 906 2118 pertinent
934 2038 1058 2110 omnia,
1090 2057 1174 2117 quae
1196 2058 1227 2118 p.
1250 2037 1313 2117 467
1343 2035 1445 2117 profe-

191 2152 310 2218 runtur,
335 2163 418 2222 quae
433 2141 515 2205 haec
528 2151 617 2204 sunt:
645 2142 803 2223 »Magnae
818 2150 935 2215 autem,
961 2162 1058 2223 quam
1074 2142 1174 2205 habet
1188 2142 1328 2215 libertas,
1345 2140 1446 2203 laudis

193 2248 371 2330 foedaeque
392 2267 476 2327 quae
505 2246 659 2309 adhaeret
688 2248 830 2310 servituti
860 2247 1061 2329 turpitudinis
1091 2256 1191 2310 testes
1219 2256 1293 2309 sunt
1322 2246 1446 2326 priscae

191 2353 263 2416 illae
292 2363 325 2416 et
355 2353 533 2433 longaevae
563 2351 707 2415 civitates
734 2360 767 2414 et
795 2362 918 2433 gentes,
949 2373 1037 2434 quae
1062 2362 1216 2432 tanquam
1247 2350 1445 2413 immortales

192 2468 267 2521 sunt
297 2458 377 2521 inter
407 2457 576 2531 mortales,
610 2477 754 2538 quasque
784 2477 889 2519 errare
920 2478 985 2519 uon
1013 2467 1063 2520 est
1091 2459 1158 2519 veri
1188 2456 1299 2519 simile.
1350 2454 1447 2517 Nulla

192 2584 295 2646 paene
318 2564 427 2626 contio
449 2564 595 2637 habetur,
619 2563 651 2624 in
674 2581 738 2640 qua
759 2582 823 2624 non
839 2572 953 2642 agatur
969 2564 1010 2625 de
1025 2562 1181 2636 libertate,
1198 2563 1348 2625 continua
1363 2561 1448 2624 bella

193 2667 330 2732 Graecia
352 2678 385 2731 et
406 2668 570 2731 barbaries
592 2677 716 2748 gerunt,
741 2687 805 2747 qua
827 2667 888 2729 alia
910 2668 951 2729 de
972 2688 1078 2741 causa,
1112 2669 1169 2729 nisi
1201 2677 1236 2730 ut
1267 2667 1447 2730 libertatem

192 2772 364 2837 tueantur?
397 2771 471 2852 Qua
486 2781 620 2854 propter
635 2775 733 2834 etiam
749 2772 781 2832 in
802 2775 918 2852 pugnis
940 2774 1039 2835 duces
1063 2773 1198 2835 militum
1220 2774 1345 2834 animos
1361 2772 1448 2834 hisce

192 2879 258 2942 lere
281 2879 386 2942 solent
408 2879 623 2941 inflammare:
648 2876 852 2950 Servitutem,
870 2879 1093 2957 gravissimum
1110 2879 1240 2952 malum,
1258 2897 1340 2959 quae
1356 2877 1448 2939 nobis

193 2984 346 3057 imminet,
370 2984 579 3065 depellamus,
603 2981 784 3045 libertatem
807 2993 914 3045 autem
945 2984 1186 3064 amplectamur,
1218 2984 1272 3063 qui
1300 2981 1371 3044 fons
1400 2991 1449 3044 est

195 3090 310 3152 beatae
332 3090 425 3165 vitae,
450 3091 533 3151 unde
556 3089 664 3151 omnia
686 3088 773 3150 bona
795 3098 935 3155 manant.
981 3087 1055 3168 Qua
1077 3098 1210 3170 propter
1223 3088 1447 3161 Athenienses

197 3192 395 3258 Graecorum
418 3194 591 3256 acutissimi
614 3229 653 3241 -
678 3194 766 3272 quod
789 3195 872 3255 enim
896 3195 927 3255 in
949 3193 1044 3256 oculo
1066 3192 1189 3274 pupilla
1209 3201 1264 3254 aut
1286 3192 1317 3253 in
1340 3193 1448 3253 animo

196 3320 297 3377 mens,
320 3299 382 3361 hoc
404 3298 436 3360 in
459 3297 594 3362 Graecia
614 3298 766 3360 Athenae
787 3334 831 3345 —
853 3301 982 3379 quando
1012 3317 1167 3380 pompam
1197 3297 1318 3359 ducunt
1340 3295 1449 3358 Cereri

197 3414 230 3468 et
251 3393 472 3484 Proserpinae,
496 3404 618 3466 nullum
641 3423 769 3467 servum
791 3404 953 3479 adhibent,
975 3406 1032 3467 sed
1055 3424 1114 3466 sua
1136 3403 1195 3484 ipsi
1223 3422 1319 3463 manu
1342 3403 1450 3463 omnia

196 3509 327 3574 faciunt.
371 3509 484 3591 Nuper
503 3509 567 3572 vidi
577 3509 602 3588 1)
625 3511 657 3571 in
679 3509 815 3581 theatro,
846 3530 919 3571 cum
941 3509 1102 3590 Euripidis
1127 3507 1168 3571 ab
1198 3507 1350 3569 histrione
1372 3506 1449 3567 reci·

197 3623 340 3678 tarentur
361 3634 473 3676 versus
491 3613 539 3676 hi:
561 3616 760 3697 τούλεύθερον
781 3616 838 3697 γὰρ
860 3613 954 3692 ὄνομα
977 3637 1004 3674 κ.
1020 3637 1047 3680 τ.
1065 3617 1092 3675 λ.
1116 3632 1228 3675 omnes
1251 3620 1451 3693 spectatores

195 3740 327 3802 surgere
350 3728 383 3782 et
405 3718 606 3781 conclamare
629 3719 795 3784 laudantes
817 3728 850 3782 et
865 3721 1056 3782 sententiam
1072 3727 1105 3781 et
1121 3726 1263 3799 poetam.
1297 3715 1452 3778 Admiror

194 3825 292 3888 etiam
304 3825 523 3905 Argonautas,
547 3825 601 3904 qui
623 3825 745 3887 nullum
767 3824 980 3888 admittebant
1001 3842 1130 3886 servum
1152 3842 1192 3884 ne
1214 3824 1256 3884 ad
1275 3823 1452 3884 necessaria

197 3930 328 4011 quidem
351 3931 524 3992 ministeria
546 3965 588 3975 —
610 3930 636 3991 si
659 3929 788 4010 quidem
812 3938 927 4011 poetas
949 3929 1058 3990 audire
1080 3928 1238 4002 volumus,
1262 3926 1319 3987 sed
1342 3925 1451 4004 quidni

282 4119 305 4184 ¹)
323 4120 401 4183 Quod
420 4135 447 4168 se
465 4118 548 4182 ipsum
568 4117 631 4166 illud
651 4117 745 4166 vidisse
763 4115 846 4180 fingit,
866 4117 916 4164 hoc
933 4131 986 4163 uon
1005 4115 1109 4173 auctori,
1135 4115 1180 4162 sed
1197 4111 1355 4176 compilatori
1374 4112 1451 4161 tribu·

197 4211 290 4258 endum
309 4209 419 4267 videtur,
440 4207 534 4270 quippe
552 4205 591 4255 cui
610 4206 650 4256 hic
668 4206 784 4270 exempla
802 4204 932 4253 adserendi
951 4204 1042 4251 modus
1059 4203 1221 4251 vehementer
1238 4199 1374 4265 placuerit:
1400 4212 1451 4260 449

195 4289 248 4362 ἤδη
266 4297 336 4349 ποτὲ
355 4295 432 4350 εἶδον
450 4295 480 4346 ἐν
498 4289 587 4359 ἀγῶνι
605 4321 639 4331 -
657 4306 715 4358 451.
728 4291 782 4362 ἐγώ
796 4301 868 4360 γοῦν
879 4284 1043 4358 ἐθεασάμην
1056 4283 1198 4348 πολλάκις.
1218 4289 1278 4350 462.
1294 4282 1452 4345 παλαιστὰς

194 4379 261 4433 olda
279 4385 326 4434 nul
345 4378 552 4454 nnyxpuuutu'e
569 4400 593 4433 κ.
607 4401 631 4434 τ.
646 4382 669 4431 λ.
