3276 5040
708 382 922 447 ..47-

188 558 261 601 eam
278 537 504 619 pertinentium
521 537 670 618 imperito
693 557 735 599 ex
757 557 862 616 aequo
883 539 924 600 de
945 538 994 598 his
1017 536 1112 598 rebus
1132 556 1205 598 cum
1228 537 1265 598 iis
1279 538 1443 619 disputare

189 643 273 718 licet,
297 644 352 722 qui
375 663 413 704 ea
435 642 567 704 scientia
589 642 731 710 instructi
754 651 839 708 sunt.
881 642 986 724 Atqui
1002 640 1161 712 omnibus
1186 642 1240 722 qui
1255 642 1344 728 liberi
1359 655 1442 715 sunt,

188 747 312 829 legibus
342 747 527 809 conceditur
556 768 599 808 ex
628 767 734 828 aequo
764 747 846 809 inter
874 767 910 808 se
938 745 1089 826 colloqui.
1135 745 1244 808 Tertia
1263 751 1442 829 propositio

190 861 255 915 est:
293 862 326 914 et
355 860 429 914 sunt
459 851 601 913 nonnulli
630 851 808 933 proborum
837 851 943 928 liberi,
975 853 1064 913 cuius
1096 852 1325 933 propositionis
1357 855 1444 918 nulla

188 958 312 1020 ratione
332 957 443 1019 habita
462 966 641 1038 sequuntur
658 957 753 1019 haec:
786 954 868 1020 Sunt
897 965 1005 1020 autem
1036 956 1112 1019 mali
1140 957 1224 1018 vitae
1253 978 1359 1020 rerum
1390 962 1444 1022 im-

188 1063 289 1144 periti,
313 1061 407 1143 probi
428 1063 521 1143 periti
545 1063 643 1144 (prior
663 1062 759 1143 igitur
781 1063 969 1143 propositio,
993 1082 1076 1143 quae
1097 1070 1166 1123 erat
1188 1061 1273 1124 vitae
1290 1063 1445 1144 imperitis

188 1189 253 1230 non
273 1168 368 1231 licere
390 1187 432 1229 ex
455 1187 561 1248 aequo
584 1187 658 1230 cum
680 1167 790 1248 peritis
812 1168 984 1247 disputare,
1008 1168 1049 1228 ad
1072 1166 1175 1229 malos
1191 1167 1377 1248 probosque
1392 1170 1444 1231 ad-

187 1273 335 1352 hibetur).
380 1272 487 1335 Nemo
510 1272 605 1353 igitur
626 1272 729 1334 malus
751 1272 832 1334 liber
852 1282 910 1346 est,
935 1273 992 1334 sed
1007 1272 1090 1333 servi
1104 1280 1178 1333 sunt
1193 1291 1315 1334 omnes.
1353 1273 1444 1336 Haec

187 1378 272 1440 enim
293 1377 393 1439 altera
408 1377 588 1459 propositio
604 1387 681 1451 erat,
697 1376 852 1439 libertatis
867 1375 1031 1457 propriam
1049 1396 1120 1438 esse
1135 1396 1273 1457 aequam
1292 1377 1444 1457 loquendi

187 1491 393 1564 potestatem,
425 1491 469 1556 ut,
501 1483 616 1561 quibus
644 1502 683 1544 ea
712 1490 859 1563 potestas
888 1500 953 1543 non
975 1482 1180 1562 concedatur,
1203 1482 1286 1543 servi
1308 1483 1370 1545 sint
1392 1504 1443 1545 ne-

187 1589 341 1665 cessario;
365 1586 458 1649 malis
480 1596 589 1650 autem
610 1596 646 1648 ut
667 1587 822 1667 imperitis
844 1606 909 1648 non
931 1587 1130 1648 conceditur:
1156 1607 1235 1666 ergo
1256 1589 1338 1648 servi
1360 1598 1443 1650 sunt.

187 1692 273 1755 Nihil
303 1693 387 1755 aliud
418 1693 512 1773 igitur
541 1694 582 1755 de
609 1692 718 1773 probis
749 1701 783 1754 ut
813 1701 965 1764 sumatur,
997 1693 1077 1753 ratio
1100 1692 1253 1772 postulat,
1282 1693 1339 1754 nisi
1363 1693 1441 1756 hoc:
1511 1723 1513 1727 ¹

187 1799 308 1880 peritos
331 1819 402 1860 esse
425 1819 482 1860 eos
503 1818 608 1859 rerum
631 1799 672 1859 ad
694 1799 793 1858 vitam
813 1797 1046 1878 pertinentium,
1077 1816 1160 1875 quae
1183 1798 1362 1877 propositio
1384 1819 1444 1861 suo

189 1903 262 1966 loco
285 1912 403 1977 exstat,
427 1923 501 1964 cum
524 1923 572 1977 ea,
596 1923 679 1982 quae
701 1923 784 1964 nunc
806 1903 899 1964 tertia
922 1911 980 1978 est,
997 1900 1167 1963 nonnullos
1183 1901 1359 1982 proborum
1373 1923 1445 1964 esse

188 2008 314 2080 liberos,
338 2008 413 2070 nihil
435 2028 567 2089 prorsus
589 2007 684 2071 faciat
706 2008 748 2069 ad
770 2008 927 2069 rationem
950 2005 1213 2080 concludendam,
1237 2007 1338 2069 immo
1361 2007 1446 2071 male

188 2133 261 2175 eam
285 2094 494 2194 interrumpat
525 2122 557 2175 et
586 2121 759 2193 pervertat.
804 2110 897 2191 Quae
928 2131 1002 2172 cum
1030 2111 1073 2172 ita
1102 2111 1171 2181 sint,
1203 2112 1345 2174 eicienda
1362 2114 1444 2175 'mihi

186 2220 334 2281 videntur
355 2219 469 2281 verba:
494 2220 543 2278 καὶ
569 2219 627 2280 εἰσί
641 2241 720 2306 τινες
739 2227 801 2278 τῶν
823 2217 994 2278 σπουδαίων
1017 2215 1179 2297 ἐλεύθεροι,
1206 2235 1271 2278 non
1286 2225 1322 2277 ut
1337 2217 1445 2281 addita

188 2345 207 2386 a
229 2325 450 2405 compilatore,
472 2326 530 2387 sed
552 2345 571 2385 a
594 2324 715 2386 lectore
738 2323 846 2404 aliquo
868 2322 920 2384 vel
942 2321 1046 2383 scriba
1075 2323 1202 2383 curioso
1229 2320 1283 2382 illo
1314 2323 1442 2401 quidem

191 2451 247 2492 nec
269 2440 378 2492 tamen
400 2431 477 2492 satis
500 2429 616 2503 subtili,
640 2430 694 2510 qui
717 2448 755 2490 ea
778 2449 820 2490 ex
835 2429 941 2509 priore
957 2428 1234 2508 argumentatione
1250 2428 1442 2508 repetiverit.

187 2571 231 2582 -
253 2535 359 2597 »Zeno
382 2537 533 2599 audacius
559 2535 672 2597 etiam:
708 2553 822 2607 nonne,
846 2535 956 2615 inquit,
979 2531 1145 2613 vapulabit
1167 2531 1280 2606 malus,
1299 2533 1325 2594 si
1340 2535 1445 2614 probo

189 2640 438 2703 contradixerit?
483 2640 582 2721 (Ergo
609 2639 701 2700 malis
723 2659 796 2700 cum
818 2639 911 2701 bonis
934 2658 1038 2719 aequa
1060 2637 1211 2718 loquendi
1229 2637 1358 2700 libertas
1381 2659 1447 2700 non

188 2747 259 2817 esti.
304 2745 480 2825 Plerosque
509 2746 591 2808 bene
614 2745 680 2806 scio
702 2743 765 2806 hoc
784 2743 905 2805 dictum
927 2743 1088 2805 derisuros
1111 2763 1191 2816 esse,
1220 2742 1283 2821 qui,
1307 2744 1332 2804 si
1355 2764 1445 2806 accu-

189 2852 286 2912 ratius
310 2850 476 2930 inquirent,
507 2850 642 2912 veritate
673 2849 740 2911 eius
771 2849 897 2911 attoniti
927 2848 1123 2930 intellegent,
1150 2846 1226 2908 nihil
1249 2848 1351 2928 magis
1374 2867 1446 2911 esse
1484 2905 1486 2908 .

190 2956 375 3030 dolendum,
400 2975 497 3035 quam
520 2975 585 3016 non
607 2954 835 3016 auscultavisse
858 2954 992 3034 sapienti
1013 2961 1093 3015 etc«
1128 2952 1222 3014 Hanc
1244 2952 1330 3032 vulgi
1354 2956 1447 3016 casti·

189 3064 362 3142 gationem,
387 3080 484 3143 quam
507 3061 617 3141 paucis
639 3068 765 3122 tantum
779 3060 996 3131 indicavimus,
1014 3078 1078 3137 qua
1094 3077 1140 3131 ea,
1158 3077 1240 3136 quae
1256 3057 1296 3119 de
1313 3058 1448 3144 ἰσηγορίᾳ

191 3167 352 3248 disputata
374 3175 457 3240 sunt,
475 3166 716 3239 concluduntur,
740 3164 864 3226 exordii
878 3163 1073 3226 simillimam
1092 3182 1163 3225 esse
1179 3160 1383 3225 manifestum
1398 3174 1448 3227 est

193 3291 253 3334 nec
273 3292 403 3334 necesse
426 3273 484 3334 erit
507 3270 638 3349 singulis
660 3271 906 3332 demonstretur.

214 3391 218 3397 ·
279 3377 375 3439 »Mihi
399 3397 482 3457 quae
502 3377 565 3439 huc
587 3396 689 3455 usque
711 3375 778 3436 dixi
800 3373 983 3437 sufficerent
1005 3374 1047 3435 ad
1068 3392 1135 3434 rem
1157 3370 1367 3452 probandam,
1389 3374 1447 3435 sed

192 3482 246 3562 qui
270 3483 468 3545 medicorum
497 3503 569 3544 mos
599 3490 657 3555 est,
689 3489 723 3541 ut
752 3480 867 3542 morbo
896 3481 985 3542 vario
1015 3478 1100 3541 varia
1122 3483 1291 3557 opponant
1313 3475 1448 3537 medica-

191 3595 309 3661 menta,
339 3588 384 3649 sic
414 3607 452 3649 ea
483 3606 622 3666 quoque,
653 3606 737 3666 quae
763 3586 931 3666 paradoxa
960 3604 1032 3647 esse
1063 3592 1217 3665 putantur
1246 3588 1380 3662 propter
1402 3583 1446 3642 rei

191 3693 368 3755 novitatem
388 3712 521 3754 necesse
539 3693 664 3754 videtur
685 3699 948 3771 argumentorum
971 3690 1051 3752 serie
1067 3690 1147 3751 inter
1162 3707 1198 3749 se
1212 3705 1360 3749 connexa
1376 3706 1447 3766 pro·

119 3837 120 3840 =
192 3796 298 3862 bare«
346 3798 439 3860 Hanc
462 3795 700 3859 similitudinem
729 3796 770 3857 de
798 3816 858 3858 suo
887 3795 1092 3876 proposuerit
1122 3791 1314 3873 compilator
1341 3811 1381 3853 an
1417 3791 1448 3852 in

191 3900 290 3978 sonte,
313 3922 409 3981 quem
433 3903 611 3983 exscripsit,
633 3901 795 3972 invenerit,
819 3899 906 3961 haud
928 3900 995 3962 scio
1018 3919 1058 3961 an
1074 3919 1138 3960 non
1153 3897 1314 3960 diiudicari
1335 3897 1447 3975 possit,

191 4027 378 4087 quanquam
399 4006 498 4069 verba
521 4008 559 4068 τὰ
579 4030 636 4086 μεν
657 4002 710 4067 οὖν
735 4004 884 4084 λεχθέντα
912 4005 987 4086 πρὸς
1015 4005 1070 4084 τὴν
1097 4013 1151 4064 τοῦ
1181 4000 1359 4083 ζητουμένου
1380 4001 1449 4061 dra·

189 4113 336 4173 σύστασιν
360 4110 457 4194 ἔμοιγε
481 4115 661 4194 ἀποχρῶντα
677 4106 714 4190 ἦν
728 4111 810 4173 illius
826 4131 896 4173 esse
911 4111 1139 4184 contenderim,
1156 4129 1230 4171 cum
1245 4116 1392 4189 spectent
1406 4107 1448 4167 ad

193 4218 300 4291 verba,
325 4239 343 4280 a
366 4218 481 4298 quibus
504 4219 612 4299 incipit
633 4217 789 4296 quaestio,
812 4216 856 4277 illi
877 4215 1053 4278 tribuenda.
1078 4255 1116 4262 —
1140 4215 1208 4276 Iam
1226 4221 1451 4294 proponuntur

190 4324 257 4384 duo
279 4323 468 4404 syllogismi,
500 4323 554 4403 qui
584 4320 787 4404 pulcherrimi
815 4330 889 4383 sunt
919 4341 979 4384 nec
1009 4321 1095 4401 apud
1124 4338 1320 4400 quemquam
1351 4317 1449 4379 alium
