3276 5040
706 416 920 482 ,35-

184 570 229 632 illi
251 568 476 653 philosophiae
500 571 661 652 magistris
684 592 718 633 se
742 573 901 635 curandos
922 573 1077 635 traderer
1113 573 1247 636 Prorsus
1276 575 1308 635 in
1329 575 1444 636 eadem

186 676 345 738 sententia
367 673 531 738 Ciceronis
553 675 650 739 Tusc.
674 677 754 758 disp.
776 677 846 740 libri
869 678 914 739 III
942 677 1112 740 exordium
1140 688 1300 742 versatur:
1346 678 1444 759 Quid-

186 801 262 842 nam
291 800 372 855 esse,
404 782 511 858 Brute,
543 801 659 844 causae
688 791 800 863 putem
823 803 887 857 cur,
915 802 989 845 cum
1011 798 1194 845 constemus
1217 804 1260 846 ex
1282 785 1389 846 animo
1413 793 1445 846 et

188 905 334 966 corpore,
366 888 510 967 corporis
541 887 672 949 curandi
701 888 876 968 tuendique
905 907 1002 950 causa
1032 887 1176 967 quaesita
1202 889 1244 951 sit
1272 908 1323 951 ars
1346 897 1445 969 atque

187 991 257 1053 eius
279 989 398 1053 utilitas
420 993 556 1054 deorum
571 992 800 1054 immortalium
817 993 989 1055 inventioni
1004 1002 1200 1065 consecrata,
1224 993 1319 1056 animi
1336 1003 1444 1056 autem

186 1097 344 1159 'medicina
365 1117 424 1159 nec
446 1105 514 1159 tam
539 1097 719 1159 desiderata
741 1099 783 1159 sit
804 1106 879 1159 ante
901 1118 999 1178 quam
1022 1098 1159 1173 inventa,
1189 1119 1247 1160 nec
1269 1107 1336 1161 tarn
1359 1098 1445 1160 culta

186 1210 401 1283 posteaquam
423 1201 554 1282 cognita
577 1210 633 1276 est,
658 1211 807 1264 nectam
831 1201 939 1264 multis
961 1212 1054 1283 grata
1076 1211 1110 1265 et
1130 1202 1276 1284 probata,
1300 1201 1443 1284 pluribus

185 1307 283 1368 etiam
306 1315 456 1387 suspecta
478 1316 511 1369 et
534 1305 653 1369 invisa?
675 1316 708 1369 et
730 1327 817 1387 quae
838 1316 1018 1387 sequuntur
1037 1328 1138 1388 usque
1158 1308 1202 1369 ad
1225 1311 1245 1387 ξ
1268 1322 1297 1388 7.
1342 1306 1444 1369 Philo·

100 1429 103 1433 ’
187 1415 364 1494 sophorum
394 1420 503 1473 autem
533 1432 608 1474 cum
640 1413 771 1474 medicis
794 1415 1002 1494 comparati0,
1029 1413 1181 1492 quoiam
1203 1413 1410 1476 Democritus
1419 1414 1442 1495 ¹)

187 1539 263 1582 usus
286 1528 335 1581 est
357 1536 504 1597 quaeque
527 1518 615 1597 apud
636 1517 803 1580 Platonem
826 1519 954 1598 saepius
977 1518 1124 1593 occurrit,
1147 1519 1333 1599 saepissime
1356 1519 1443 1600 apud

188 1623 315 1686 Stoicos
324 1623 348 1705 2)
382 1623 558 1700 invenitur,
591 1624 645 1704 qui
676 1642 696 1682 a
725 1621 854 1702 Cynicis
885 1644 957 1685 eam
989 1625 1152 1704 accepisse
1172 1624 1328 1698 videntur,
1359 1644 1443 1705 quos

187 1728 394 1792 vehementer
416 1727 498 1789 hanc
514 1728 790 1808 comparationem
806 1728 978 1810 amplexos
994 1750 1064 1792 esse
1080 1749 1176 1790 nemo
1192 1720 1302 1791 nescit.
1341 1729 1443 1791 »Nam

188 1855 261 1897 cum
275 1833 392 1896 invidia
406 1832 583 1896 secundum
595 1831 762 1894 Platonem
778 1841 871 1894 extra
883 1834 1024 1896 divinum
1037 1834 1170 1896 chorum
1185 1834 1235 1907 sit,
1247 1832 1442 1916 θειότατονθ)

187 1948 295 2002 autem
318 1946 351 1999 et
373 1935 629 1998 κοινωνικώτατον
650 1939 691 1999 sit
717 1938 872 2019 sapientia
895 1939 1003 2020 (Diog.
1023 1939 1087 2001 VII
1116 1955 1172 2017 123
1197 1940 1366 2010 κοινωνικὸς
1387 1939 1444 2020 γὰρ

191 2044 278 2127 φύσει
307 2043 331 2124 [ὁ
358 2042 492 2124 cupid),
521 2062 635 2105 omnes
661 2063 700 2103 ea
721 2044 860 2124 benigne
883 2044 995 2124 recipit
1019 2046 1090 2115 τοὺς
1116 2044 1252 2122 ποτίμων
1283 2044 1441 2120 διψῶντας

187 2149 315 2230 layum)
346 2168 518 2230 meraeque
555 2148 720 2211 doctrinae
754 2147 921 2210 infundens
957 2149 1065 2229 largos
1100 2150 1185 2210 rivos
1223 2149 1264 2210 ad
1303 2149 1445 2211 sobriam

187 2254 374 2317 ebrietatem
403 2254 598 2336 perducit5),
634 2254 723 2315 cuius
753 2254 805 2316 ubi
835 2254 947 2316 imbuti
971 2262 1063 2316 erunt
1090 2253 1279 2335 praeceptis
1311 2263 1380 2315 tum
1403 2255 1445 2315 in·

187 2359 350 2442 tellegent,
382 2379 417 2421 se
446 2379 549 2440 usque
579 2378 619 2419 eo
649 2358 777 2438 degisse
807 2360 906 2421 vitam
930 2380 995 2422 non
1014 2359 1143 2421 vitalem
1173 2359 1445 2438 vehementerque

188 2466 218 2526 in
232 2485 279 2526 -se
300 2465 359 2546 ipsi
380 2464 580 2526 inuehentur.
620 2461 750 2543 Operae
773 2464 868 2543 igitur
890 2466 1029 2545 pretium
1051 2474 1109 2540 est,
1133 2464 1331 2526 iuventutem
1353 2485 1445 2527 suam

274 2709 296 2774 1)
317 2710 443 2770 Clemens,
470 2711 580 2774 paedag.
607 2711 662 2766 12,
690 2708 714 2757 6.
743 2721 791 2757 100
815 2709 847 2758 P:
888 2704 994 2778 ἰητρικὴ
1018 2708 1072 2776 μὲν
1094 2707 1149 2779 γὰρ
1172 2708 1241 2759 κατὰ
1267 2704 1446 2780 Δημόκριτοι·

189 2793 316 2867 σώματος
332 2791 433 2855 νόσους
450 2792 569 2863 οἰκέεται,
588 2801 673 2866 σοφίη
694 2794 725 2847 δὲ
743 2795 838 2863 ψυχὴν
857 2800 973 2850 παθέων
991 2793 1162 2870 ἀπαιρέεται.

273 2905 296 2972 ⁹)
314 2908 419 2967 Seneca,
443 2924 484 2971 ep.
504 2919 545 2970 50,
571 2918 660 2970 4seq.
682 2917 723 2969 53,
749 2919 837 2970 9seq.
858 2919 900 2968 94,
929 2918 968 2968 17.
996 2920 1052 2966 104,
1076 2905 1115 2954 18.
1153 2905 1226 2954 Alios
1249 2906 1321 2955 locos
1344 2907 1447 2972 collegit

191 2997 221 3045 P.
240 2995 396 3055 Wendland,
418 2995 584 3058 Quaestiones
607 2995 752 3043 Musonian.
770 2995 855 3043 Berol.
878 2994 942 3043 1886
962 3012 988 3059 p.
1012 3008 1051 3044 12.
1071 3012 1098 3060 p.
1119 3006 1161 3058 33.

273 3100 296 3167 ³)
310 3099 406 3167 ἐπειδὴ
418 3103 449 3156 di
458 3098 607 3172 -φθόνος
616 3099 666 3163 ἔξω
677 3107 754 3153 θείου
763 3112 851 3174 χοροῦ
861 3105 978 3168 ἵσταται,
989 3100 1136 3156 θειότατον
1145 3105 1191 3154 καὶ
1201 3098 1448 3166 κοινωνικώτατον,

189 3195 287 3260 σοφία,
305 3194 442 3259 συγκλείει
459 3191 525 3262 pta:
545 3200 603 3257 post
622 3186 766 3243 decorator
786 3191 820 3243 δέ
830 3193 889 3241 add.
902 3192 1111 3242 Wilamowitzius
1123 3201 1147 3241 et
1159 3193 1194 3240 sic
1205 3191 1336 3240 vertimus:
1358 3193 1449 3254 »syllo-

188 3280 283 3344 gismus
300 3282 367 3330 enim
385 3283 425 3330 hic
443 3289 494 3330 est:
517 3281 642 3345 quidquid
661 3281 775 3329 divinum
793 3288 839 3337 est,
859 3280 956 3330 invidia
976 3289 1051 3340 caret,
1073 3281 1181 3329 maxime
1200 3279 1315 3327 divinum
1329 3288 1366 3327 est
1382 3281 1448 3344 sapi·

187 3369 264 3427 entia,
286 3385 347 3433 ergo
365 3386 454 3419 omnes
472 3369 588 3418 admittit.
609 3377 713 3433 apparet
731 3370 757 3417 in
775 3368 950 3433 propositione
969 3368 1066 3419 minore
1084 3368 1176 3433 requiri
1193 3367 1250 3418 aa«

272 3474 297 3542 4)
315 3478 348 3527 cl.
364 3478 430 3528 Plat.
450 3479 557 3527 Phaedr.
575 3494 602 3542 p.
624 3489 673 3539 243
691 3479 715 3525 D
741 3476 873 3545 ἐπιθυμῶ
898 3481 1009 3548 ποτίμῳ
1033 3471 1107 3546 λόγῳ
1131 3470 1193 3528 οἷον
1211 3472 1341 3546 ἁλμυρὰν
1360 3471 1446 3539 ἀκοὴν

190 3560 414 3618 ἀποκλύσασθαι.

195 3678 197 3682 ’
274 3671 297 3740 5)
316 3672 435 3740 μεθύειν
452 3674 501 3740 την
519 3667 658 3744 νηφάλιον
676 3670 824 3723 ἀναπείθει
840 3674 947 3741 μέθην;
966 3675 1015 3722 hoc
1033 3690 1181 3736 oxyrnoron,
1206 3675 1277 3738 quod
1302 3673 1372 3737 apud
1391 3672 1448 3720 Phi-

189 3761 274 3812 lonem
291 3779 366 3828 saepe
385 3765 501 3822 occurrit,
523 3764 583 3812 alibi
601 3762 713 3811 invenire
731 3777 784 3810 non
803 3763 918 3826 contigit,
939 3778 1084 3827 quanquam
1100 3762 1152 3809 eius
1170 3778 1221 3809 non
1240 3762 1371 3827 proprium
1392 3776 1448 3809 esse

189 3851 275 3899 ethic
294 3851 366 3900 locus
391 3852 467 3901 docet
491 3879 526 3889 -
547 3868 606 3900 narn
630 3866 705 3914 supra
729 3850 844 3898 docuisse
867 3851 942 3899 nobis
959 3850 1075 3898 videmur
1095 3850 1226 3899 exordium
1248 3850 1319 3899 nullo
1338 3850 1416 3897 modo
1436 3864 1451 3895 a

190 3940 356 4004 compilatore
374 3940 487 3989 Philonis
505 3941 629 3989 imitatore
647 3938 816 4002 compositum
834 3955 887 3988 esse
905 3966 938 3972 -
956 3945 981 3986 et
1001 3939 1090 3987 similia
1109 3939 1177 4003 apud
1197 3939 1259 3987 alios
1271 3938 1446 3986 inveniuntur:

189 4029 316 4077 Plutarch.
343 4029 441 4077 conviv.
466 4029 534 4093 sept.
555 4027 662 4092 sapient,
689 4041 710 4074 c.
733 4038 776 4086 13:
811 4029 842 4077 αἱ
859 4026 985 4087 Μοῦσαι,
1006 4022 1134 4095 καθάπερ
1157 4026 1279 4098 κρατῆρα
1302 4018 1449 4094 νηφάλιον,

190 4114 221 4167 ἓν
233 4118 309 4186 μέσῳ
321 4119 495 4185 προθέμεναι
508 4111 557 4167 τὸν
570 4112 663 4182 λόγον.
676 4145 709 4150 -
729 4118 796 4181 Περὶ
814 4114 902 4178 ὕφους
914 4133 939 4180 p.
955 4127 986 4177 37
1002 4115 1103 4180 (Jahn):
1125 4116 1323 4163 Demosthenem
1336 4113 1451 4162 docuisse

189 4199 234 4254 ὅτι
256 4198 308 4254 κάν
333 4202 506 4276 βακχεύμασι
532 4199 634 4275 νήφειν
657 4201 819 4270 ἀναγκαῖον.
866 4205 972 4253 Lucian.
997 4205 1098 4269 Nigrin.
1127 4221 1153 4268 p.
1185 4217 1215 4262 14
1239 4201 1312 4253 οὕτω
1337 4218 1381 4252 σοι
1405 4205 1451 4252 καὶ

190 4286 275 4351 αὐτὸς
297 4289 394 4352 ἔνθεος
417 4294 463 4345 καὶ
487 4290 603 4364 μεθύων
629 4288 683 4345 ὑπὸ
710 4294 765 4342 τῶν
792 4286 885 4358 λόγων
903 4295 1102 4363 περιέρχομαι·
1121 4294 1167 4343 καὶ
1185 4292 1243 4361 μὴν
1261 4287 1345 4343 τοῦτό
1363 4307 1395 4358 γε
1415 4285 1447 4342 ου’

190 4377 309 4451 μεθύειν
327 4377 396 4434 ἀλλὰ
415 4377 516 4449 νήφειν
534 4383 579 4431 καὶ
599 4386 756 4451 σωφρονεῖν
774 4381 857 4433 ἔστιν.

1204 4464 1243 4528 3·
