<?xml version="1.0" encoding="UTF-8"?>
<!DOCTYPE html PUBLIC "-//W3C//DTD XHTML 1.0 Transitional//EN"
    "http://www.w3.org/TR/xhtml1/DTD/xhtml1-transitional.dtd">
<html xmlns="http://www.w3.org/1999/xhtml" xml:lang="en" lang="en">
 <head>
  <title>
</title>
<meta http-equiv="Content-Type" content="text/html;charset=utf-8" />
  <meta name='ocr-system' content='tesseract 3.04.00' />
  <meta name='ocr-capabilities' content='ocr_page ocr_carea ocr_par ocr_line ocrx_word'/>
</head>
<body>
  <div class='ocr_page' id='page_1' title='image "./delibroperitoup00ausfgoog_0065.png"; bbox 0 0 3276 5040; ppageno 0'>
   <div class='ocr_carea' id='block_1_1' title="bbox 707 385 920 465">
    <p class='ocr_par' dir='ltr' id='par_1_1' title="bbox 707 385 920 465">
     <span class='ocr_line' id='line_1_1' title="bbox 707 385 920 465; baseline -0.005 -33"><span class='ocrx_word' id='word_1_1' title='bbox 707 385 920 465; x_wconf 75' lang='lat'>..56-</span> 
     </span>
    </p>
   </div>
   <div class='ocr_carea' id='block_1_2' title="bbox 186 518 1475 849">
    <p class='ocr_par' dir='ltr' id='par_1_2' title="bbox 186 518 1475 849">
     <span class='ocr_line' id='line_1_2' title="bbox 186 518 1445 638; baseline -0.005 -17"><span class='ocrx_word' id='word_1_2' title='bbox 186 565 220 621; x_wconf 87' lang='lat' dir='ltr'>et</span> <span class='ocrx_word' id='word_1_3' title='bbox 248 565 323 620; x_wconf 84' lang='lat' dir='ltr'>ante</span> <span class='ocrx_word' id='word_1_4' title='bbox 348 555 431 619; x_wconf 89' lang='lat' dir='ltr'>hunc</span> <span class='ocrx_word' id='word_1_5' title='bbox 461 555 586 632; x_wconf 87' lang='lat' dir='ltr'>librum,</span> <span class='ocrx_word' id='word_1_6' title='bbox 617 575 715 638; x_wconf 91' lang='lat' dir='ltr'>quern</span> <span class='ocrx_word' id='word_1_7' title='bbox 745 555 853 618; x_wconf 90' lang='lat' dir='ltr'>medio</span> <span class='ocrx_word' id='word_1_8' title='bbox 883 553 949 618; x_wconf 87' lang='lat' dir='ltr'>fere</span> <span class='ocrx_word' id='word_1_9' title='bbox 978 518 1083 637; x_wconf 80' lang='lat' dir='ltr'>prirno</span> <span class='ocrx_word' id='word_1_10' title='bbox 1105 575 1137 637; x_wconf 92' lang='lat' dir='ltr'>p.</span> <span class='ocrx_word' id='word_1_11' title='bbox 1161 552 1236 617; x_wconf 90' lang='lat' dir='ltr'>Chr.</span> <span class='ocrx_word' id='word_1_12' title='bbox 1259 573 1289 615; x_wconf 93' lang='lat' dir='ltr'>n.</span> <span class='ocrx_word' id='word_1_13' title='bbox 1312 551 1445 616; x_wconf 87' lang='lat' dir='ltr'>saeculo</span> 
     </span>
     <span class='ocr_line' id='line_1_3' title="bbox 186 658 1475 744; baseline -0.003 -18"><span class='ocrx_word' id='word_1_14' title='bbox 186 662 401 744; x_wconf 91' lang='lat' dir='ltr'>compositum</span> <span class='ocrx_word' id='word_1_15' title='bbox 431 681 502 724; x_wconf 86' lang='lat' dir='ltr'>esse</span> <span class='ocrx_word' id='word_1_16' title='bbox 531 661 611 725; x_wconf 81' lang='lat' dir='ltr'>infra</span> <span class='ocrx_word' id='word_1_17' title='bbox 636 661 825 735; x_wconf 67' lang='lat' dir='ltr'>videbimus</span> <span class='ocrx_word' id='word_1_18' title='bbox 849 661 879 722; x_wconf 91' lang='lat' dir='ltr'>in</span> <span class='ocrx_word' id='word_1_19' title='bbox 903 660 1008 723; x_wconf 88' lang='lat' dir='ltr'>lucem</span> <span class='ocrx_word' id='word_1_20' title='bbox 1030 659 1196 742; x_wconf 85' lang='lat' dir='ltr'>prodiisse,</span> <span class='ocrx_word' id='word_1_21' title='bbox 1227 658 1258 722; x_wconf 91' lang='lat' dir='ltr'>id</span> <span class='ocrx_word' id='word_1_22' title='bbox 1280 668 1329 724; x_wconf 91' lang='lat' dir='ltr'>est</span> <span class='ocrx_word' id='word_1_23' title='bbox 1350 667 1445 722; x_wconf 84' lang='lat' dir='ltr'>ante·</span> <span class='ocrx_word' id='word_1_24' title='bbox 1469 721 1475 731; x_wconf 77' lang='grc'><em>,</em></span> 
     </span>
     <span class='ocr_line' id='line_1_4' title="bbox 187 763 1444 849; baseline -0.006 -18"><span class='ocrx_word' id='word_1_25' title='bbox 187 788 283 849; x_wconf 86' lang='lat' dir='ltr'>quarn</span> <span class='ocrx_word' id='word_1_26' title='bbox 306 767 474 848; x_wconf 87' lang='lat' dir='ltr'><strong>Epictetus</strong></span> <span class='ocrx_word' id='word_1_27' title='bbox 495 776 528 829; x_wconf 88' lang='lat' dir='ltr'>et</span> <span class='ocrx_word' id='word_1_28' title='bbox 550 767 716 830; x_wconf 89' lang='lat' dir='ltr'>Musonius</span> <span class='ocrx_word' id='word_1_29' title='bbox 738 766 903 829; x_wconf 87' lang='lat' dir='ltr'>florebant.</span> <span class='ocrx_word' id='word_1_30' title='bbox 942 765 1066 829; x_wconf 86' lang='lat' dir='ltr'>Certius</span> <span class='ocrx_word' id='word_1_31' title='bbox 1085 763 1155 827; x_wconf 88' lang='lat' dir='ltr'>libri</span> <span class='ocrx_word' id='word_1_32' title='bbox 1177 763 1243 847; x_wconf 77' lang='grc' dir='ltr'>περὶ</span> <span class='ocrx_word' id='word_1_33' title='bbox 1260 763 1444 848; x_wconf 71' lang='grc' dir='ltr'><strong><em>ἐλευθερίας,</em></strong></span> 
     </span>
    </p>
   </div>
   <div class='ocr_carea' id='block_1_3' title="bbox 185 868 1445 1694">
    <p class='ocr_par' dir='ltr' id='par_1_3' title="bbox 185 868 1445 1694">
     <span class='ocr_line' id='line_1_5' title="bbox 188 868 1444 956; baseline -0.002 -20"><span class='ocrx_word' id='word_1_34' title='bbox 188 894 271 956; x_wconf 86' lang='lat' dir='ltr'>quae</span> <span class='ocrx_word' id='word_1_35' title='bbox 293 873 392 950; x_wconf 83' lang='lat' dir='ltr'>vulgo</span> <span class='ocrx_word' id='word_1_36' title='bbox 413 881 552 953; x_wconf 88' lang='lat' dir='ltr'>putatur,</span> <span class='ocrx_word' id='word_1_37' title='bbox 576 894 619 935; x_wconf 84' lang='lat' dir='ltr'>ex</span> <span class='ocrx_word' id='word_1_38' title='bbox 641 893 707 953; x_wconf 90' lang='lat' dir='ltr'>quo</span> <span class='ocrx_word' id='word_1_39' title='bbox 730 880 857 954; x_wconf 91' lang='lat' dir='ltr'>praeter</span> <span class='ocrx_word' id='word_1_40' title='bbox 877 871 961 934; x_wconf 90' lang='lat' dir='ltr'>hunc</span> <span class='ocrx_word' id='word_1_41' title='bbox 983 870 1129 934; x_wconf 89' lang='lat' dir='ltr'>Stoicum</span> <span class='ocrx_word' id='word_1_42' title='bbox 1160 868 1282 932; x_wconf 87' lang='lat' dir='ltr'>sontem</span> <span class='ocrx_word' id='word_1_43' title='bbox 1304 869 1444 952; x_wconf 88' lang='lat' dir='ltr'>plurima</span> 
     </span>
     <span class='ocr_line' id='line_1_6' title="bbox 186 975 1444 1059; baseline -0.002 -19"><span class='ocrx_word' id='word_1_44' title='bbox 186 978 380 1059; x_wconf 80' lang='lat' dir='ltr'>compilator</span> <span class='ocrx_word' id='word_1_45' title='bbox 402 979 522 1058; x_wconf 89' lang='lat' dir='ltr'>petivit,</span> <span class='ocrx_word' id='word_1_46' title='bbox 547 998 611 1040; x_wconf 92' lang='lat' dir='ltr'>non</span> <span class='ocrx_word' id='word_1_47' title='bbox 634 987 722 1041; x_wconf 84' lang='lat' dir='ltr'>aetas</span> <span class='ocrx_word' id='word_1_48' title='bbox 744 977 858 1053; x_wconf 88' lang='lat' dir='ltr'>solum,</span> <span class='ocrx_word' id='word_1_49' title='bbox 892 976 1068 1040; x_wconf 86' lang='lat' dir='ltr'>sedetiam</span> <span class='ocrx_word' id='word_1_50' title='bbox 1097 976 1200 1059; x_wconf 84' lang='lat' dir='ltr'>patria</span> <span class='ocrx_word' id='word_1_51' title='bbox 1227 975 1444 1039; x_wconf 89' lang='lat' dir='ltr'>circumscribi</span> 
     </span>
     <span class='ocr_line' id='line_1_7' title="bbox 186 1080 1445 1166; baseline -0.002 -21"><span class='ocrx_word' id='word_1_52' title='bbox 186 1092 311 1165; x_wconf 90' lang='lat' dir='ltr'>potest:</span> <span class='ocrx_word' id='word_1_53' title='bbox 351 1103 424 1145; x_wconf 87' lang='lat' dir='ltr'>narn</span> <span class='ocrx_word' id='word_1_54' title='bbox 453 1084 540 1164; x_wconf 89' lang='lat' dir='ltr'>quod</span> <span class='ocrx_word' id='word_1_55' title='bbox 570 1080 754 1166; x_wconf 74' lang='grc' dir='ltr'><em>ἀγορανομιά</em></span> <span class='ocrx_word' id='word_1_56' title='bbox 781 1082 861 1145; x_wconf 91' lang='lat' dir='ltr'>inter</span> <span class='ocrx_word' id='word_1_57' title='bbox 883 1082 1066 1164; x_wconf 73' lang='grc' dir='ltr'><strong><em>λειτουργίας</em></strong></span> <span class='ocrx_word' id='word_1_58' title='bbox 1088 1090 1292 1146; x_wconf 88' lang='lat' dir='ltr'>enumeratur</span> <span class='ocrx_word' id='word_1_59' title='bbox 1314 1081 1356 1164; x_wconf 92' lang='lat' dir='ltr'>(p.</span> <span class='ocrx_word' id='word_1_60' title='bbox 1378 1081 1445 1159; x_wconf 77' lang='lat'>446</span> 
     </span>
     <span class='ocr_line' id='line_1_8' title="bbox 190 1186 1444 1272; baseline -0.002 -23"><span class='ocrx_word' id='word_1_61' title='bbox 190 1187 389 1272; x_wconf 74' lang='grc' dir='ltr'><em>ἀγορανομίας</em></span> <span class='ocrx_word' id='word_1_62' title='bbox 411 1190 460 1249; x_wconf 80' lang='grc' dir='ltr'>καὶ</span> <span class='ocrx_word' id='word_1_63' title='bbox 474 1190 712 1272; x_wconf 73' lang='grc' dir='ltr'><strong><em>γυμνασιαρχίας</em></strong></span> <span class='ocrx_word' id='word_1_64' title='bbox 726 1188 776 1248; x_wconf 79' lang='grc' dir='ltr'>καὶ</span> <span class='ocrx_word' id='word_1_65' title='bbox 791 1189 845 1260; x_wconf 82' lang='grc' dir='ltr'>τὰς</span> <span class='ocrx_word' id='word_1_66' title='bbox 860 1189 952 1260; x_wconf 82' lang='grc' dir='ltr'><strong><em>ἄλλας</em></strong></span> <span class='ocrx_word' id='word_1_67' title='bbox 967 1187 1170 1271; x_wconf 71' lang='grc' dir='ltr'><strong><em>λειτουργίας),</em></strong></span> <span class='ocrx_word' id='word_1_68' title='bbox 1194 1187 1257 1250; x_wconf 92' lang='lat' dir='ltr'>hoc</span> <span class='ocrx_word' id='word_1_69' title='bbox 1272 1186 1314 1250; x_wconf 86' lang='lat' dir='ltr'>ad</span> <span class='ocrx_word' id='word_1_70' title='bbox 1328 1186 1444 1248; x_wconf 89' lang='lat' dir='ltr'>Asiam</span> 
     </span>
     <span class='ocr_line' id='line_1_9' title="bbox 187 1292 1444 1375; baseline -0.006 -14"><span class='ocrx_word' id='word_1_71' title='bbox 187 1320 245 1361; x_wconf 90' lang='lat' dir='ltr'>nos</span> <span class='ocrx_word' id='word_1_72' title='bbox 274 1298 373 1373; x_wconf 89' lang='lat' dir='ltr'>ducit,</span> <span class='ocrx_word' id='word_1_73' title='bbox 403 1295 456 1358; x_wconf 89' lang='lat' dir='ltr'>ubi</span> <span class='ocrx_word' id='word_1_74' title='bbox 484 1295 697 1358; x_wconf 85' lang='lat' dir='ltr'>invalescente</span> <span class='ocrx_word' id='word_1_75' title='bbox 723 1295 946 1357; x_wconf 90' lang='lat' dir='ltr'>Romanorum</span> <span class='ocrx_word' id='word_1_76' title='bbox 974 1293 1108 1375; x_wconf 90' lang='lat' dir='ltr'>imperio</span> <span class='ocrx_word' id='word_1_77' title='bbox 1138 1292 1380 1373; x_wconf 85' lang='lat' dir='ltr'>agoranomiam</span> <span class='ocrx_word' id='word_1_78' title='bbox 1413 1292 1444 1353; x_wconf 93' lang='lat' dir='ltr'>in</span> 
     </span>
     <span class='ocr_line' id='line_1_10' title="bbox 186 1398 1444 1475; baseline -0.006 -9"><span class='ocrx_word' id='word_1_79' title='bbox 186 1403 356 1467; x_wconf 84' lang='lat' dir='ltr'>aedilitatis</span> <span class='ocrx_word' id='word_1_80' title='bbox 377 1401 514 1465; x_wconf 87' lang='lat' dir='ltr'>formam</span> <span class='ocrx_word' id='word_1_81' title='bbox 536 1400 707 1475; x_wconf 86' lang='lat' dir='ltr'>transiisse,</span> <span class='ocrx_word' id='word_1_82' title='bbox 737 1400 781 1462; x_wconf 89' lang='lat' dir='ltr'>ita</span> <span class='ocrx_word' id='word_1_83' title='bbox 804 1408 838 1461; x_wconf 88' lang='lat' dir='ltr'>ut</span> <span class='ocrx_word' id='word_1_84' title='bbox 860 1420 936 1461; x_wconf 86' lang='lat' dir='ltr'>cura</span> <span class='ocrx_word' id='word_1_85' title='bbox 965 1398 1114 1462; x_wconf 91' lang='lat' dir='ltr'>ludorum</span> <span class='ocrx_word' id='word_1_86' title='bbox 1143 1418 1217 1460; x_wconf 91' lang='lat' dir='ltr'>cum</span> <span class='ocrx_word' id='word_1_87' title='bbox 1247 1419 1286 1461; x_wconf 88' lang='lat' dir='ltr'>ea</span> <span class='ocrx_word' id='word_1_88' title='bbox 1315 1399 1444 1460; x_wconf 90' lang='lat' dir='ltr'>coniun-</span> 
     </span>
     <span class='ocr_line' id='line_1_11' title="bbox 187 1502 1440 1591; baseline -0.006 -19"><span class='ocrx_word' id='word_1_89' title='bbox 187 1517 330 1591; x_wconf 84' lang='lat' dir='ltr'>geretur,</span> <span class='ocrx_word' id='word_1_90' title='bbox 371 1528 413 1570; x_wconf 89' lang='lat' dir='ltr'>ex</span> <span class='ocrx_word' id='word_1_91' title='bbox 442 1506 601 1590; x_wconf 89' lang='lat' dir='ltr'>lapidibus</span> <span class='ocrx_word' id='word_1_92' title='bbox 630 1505 783 1587; x_wconf 87' lang='lat' dir='ltr'>suspicari</span> <span class='ocrx_word' id='word_1_93' title='bbox 813 1505 887 1568; x_wconf 89' lang='lat' dir='ltr'>licet</span> <span class='ocrx_word' id='word_1_94' title='bbox 916 1504 967 1586; x_wconf 80' lang='lat' dir='ltr'>(cl.</span> <span class='ocrx_word' id='word_1_95' title='bbox 991 1505 1030 1572; x_wconf 87' lang='lat' dir='ltr'>R.</span> <span class='ocrx_word' id='word_1_96' title='bbox 1054 1502 1214 1578; x_wconf 88' lang='lat' dir='ltr'>Haederli,</span> <span class='ocrx_word' id='word_1_97' title='bbox 1242 1503 1293 1566; x_wconf 93' lang='lat' dir='ltr'>die</span> <span class='ocrx_word' id='word_1_98' title='bbox 1324 1502 1440 1565; x_wconf 89' lang='lat' dir='ltr'>hellen.</span> 
     </span>
     <span class='ocr_line' id='line_1_12' title="bbox 185 1606 1441 1694; baseline -0.004 -19"><span class='ocrx_word' id='word_1_99' title='bbox 185 1615 393 1694; x_wconf 91' lang='lat' dir='ltr'>Astynomen</span> <span class='ocrx_word' id='word_1_100' title='bbox 407 1612 473 1674; x_wconf 91' lang='lat' dir='ltr'>und</span> <span class='ocrx_word' id='word_1_101' title='bbox 484 1611 717 1693; x_wconf 85' lang='lat' dir='ltr'>Agoranomen</span> <span class='ocrx_word' id='word_1_102' title='bbox 736 1609 956 1673; x_wconf 90' lang='lat' dir='ltr'>vornehmlich</span> <span class='ocrx_word' id='word_1_103' title='bbox 971 1610 1015 1672; x_wconf 89' lang='lat' dir='ltr'>im</span> <span class='ocrx_word' id='word_1_104' title='bbox 1032 1610 1118 1673; x_wconf 86' lang='lat' dir='ltr'>alten</span> <span class='ocrx_word' id='word_1_105' title='bbox 1130 1607 1252 1685; x_wconf 88' lang='lat' dir='ltr'>Athen,</span> <span class='ocrx_word' id='word_1_106' title='bbox 1269 1622 1316 1689; x_wconf 87' lang='lat'>15.</span> <span class='ocrx_word' id='word_1_107' title='bbox 1326 1606 1441 1690; x_wconf 84' lang='lat' dir='ltr'>Suppl&#39;.</span> 
     </span>
    </p>
   </div>
   <div class='ocr_carea' id='block_1_4' title="bbox 188 1714 838 1800">
    <p class='ocr_par' dir='ltr' id='par_1_4' title="bbox 188 1714 838 1800">
     <span class='ocr_line' id='line_1_13' title="bbox 188 1714 838 1800; baseline -0.008 -17"><span class='ocrx_word' id='word_1_108' title='bbox 188 1721 219 1783; x_wconf 95' lang='lat' dir='ltr'>d.</span> <span class='ocrx_word' id='word_1_109' title='bbox 239 1718 370 1800; x_wconf 84' lang='lat' dir='ltr'>Jahrbb.</span> <span class='ocrx_word' id='word_1_110' title='bbox 395 1717 414 1781; x_wconf 83' lang='lat' dir='ltr'>f.</span> <span class='ocrx_word' id='word_1_111' title='bbox 438 1717 532 1781; x_wconf 88' lang='lat' dir='ltr'>class.</span> <span class='ocrx_word' id='word_1_112' title='bbox 554 1714 733 1797; x_wconf 86' lang='lat' dir='ltr'>Philologie</span> <span class='ocrx_word' id='word_1_113' title='bbox 754 1716 838 1799; x_wconf 79' lang='lat' dir='ltr'>etc).</span> 
     </span>
    </p>
   </div>
   <div class='ocr_carea' id='block_1_5' title="bbox 0 0 1646 5040">
    <p class='ocr_par' dir='ltr' id='par_1_5' title="bbox 0 0 1646 5040">
     <span class='ocr_line' id='line_1_14' title="bbox 0 0 1646 5040; baseline 0 0"><span class='ocrx_word' id='word_1_114' title='bbox 0 0 1646 5040; x_wconf 95' lang='lat' dir='ltr'> </span> 
     </span>
    </p>
   </div>
  </div>
 </body>
</html>
