3276 5040
685 1154 883 1238 CAPUT
914 1154 944 1234 I.

184 1333 489 1432 Argumenta
525 1297 789 1416 continens
824 1354 888 1415 ex
924 1333 1295 1433 comparatione
1326 1333 1438 1413 libri

205 1475 322 1537 cum
343 1454 579 1548 Philonis,
599 1475 725 1555 quae
747 1462 881 1538 certa
899 1461 1028 1549 sunt,
1048 1455 1241 1553 scriptis
1259 1455 1421 1537 ducta.

265 1646 353 1708 Inter
373 1644 480 1720 libros,
504 1647 558 1726 qui
581 1646 641 1709 sub
663 1649 791 1711 nomine
813 1647 954 1711 Philonis
976 1645 1189 1709 Alexandrini
1215 1644 1307 1707 nobis
1330 1645 1437 1709 traditi

180 1760 262 1826 sunt,
286 1771 356 1813 esse
378 1752 433 1833 qui
453 1750 535 1814 falso
557 1753 620 1815 sint
635 1753 784 1834 inscripti,
802 1764 877 1835 post
890 1753 1053 1833 Bernaysii
1068 1753 1109 1814 de
1125 1750 1207 1814 libro
1223 1751 1289 1831 περὶ
1305 1749 1434 1833 ἀφθαρ-

180 1856 248 1928 σίας
270 1855 394 1935 κόσμου,
416 1856 506 1919 Lucii
516 1856 539 1939 ¹)
563 1858 604 1919 de
629 1856 710 1920 libro
734 1858 884 1940 περὶβίου
900 1863 1090 1941 θεωρητικοῦ
1106 1856 1344 1919 dissertationes
1360 1858 1442 1920 inter

183 1981 296 2023 omnes
327 1970 463 2024 constat.
514 1962 637 2044 Itaque,
669 1965 757 2043 quod
788 1964 866 2027 liber
896 1965 1039 2048 περὶτοῦ
1060 1962 1160 2023 πάντα
1180 1957 1442 2023 brandafordiae

182 2064 344 2149 ἐλεύθερον
359 2086 423 2129 una
441 2086 516 2129 cum
538 2067 606 2129 eius
629 2069 779 2148 operibus
802 2071 842 2132 ad
865 2090 924 2132 nos
947 2069 1101 2151 pervenit,
1129 2088 1187 2149 per
1214 2088 1250 2130 se
1278 2067 1342 2130 hoc
1372 2070 1439 2132 eius

181 2170 279 2234 fidem
304 2192 370 2234 non
391 2172 538 2254 augebit:
580 2193 620 2234 ne
643 2173 674 2234 id
697 2175 838 2253 quidem,
867 2176 955 2257 quod
978 2172 1137 2236 Eusebius
1159 2192 1269 2253 praep.
1294 2173 1439 2255 evangel.

181 2277 262 2339 VIII
284 2298 310 2343 c.
337 2295 383 2352 11,
417 2278 637 2357 Hieronymus
668 2298 714 2340 ca.
735 2279 937 2359 Jovinianum
959 2280 989 2341 Π
1018 2300 1046 2344 c.
1070 2295 1108 2356 14
1133 2279 1171 2359 (si
1194 2279 1332 2358 quidem,
1355 2300 1438 2360 quae

182 2383 224 2446 ibi
246 2383 340 2446 dicit:
365 2383 549 2466 (Essaenos)
573 2403 670 2464 super
693 2404 830 2465 quorum
860 2387 926 2447 vita
947 2384 1040 2447 Philo
1060 2385 1107 2446 vir
1135 2384 1339 2448 doctissimus
1367 2406 1438 2467 pro-

181 2489 286 2570 prium
309 2488 462 2551 volumen
484 2489 593 2563 edidit,
618 2487 766 2551 adhunc
789 2489 904 2553 librum
926 2489 1092 2552 referenda
1107 2490 1190 2573 sunt)
1210 2511 1270 2571 pro
1285 2490 1440 2554 Philoneo

182 2614 256 2656 eum
280 2592 436 2668 adserunt,
459 2613 533 2656 cum
556 2593 653 2656 iidem
675 2595 848 2676 scriptores
871 2597 968 2658 etiam
995 2594 1111 2658 librum
1141 2597 1181 2658 de
1204 2598 1270 2657 vita
1297 2605 1438 2659 contem·

181 2698 259 2780 plat.
310 2698 434 2761 Philoni
462 2698 603 2762 tribuant
633 2699 763 2779 (Euseb.
788 2700 858 2764 hist.
884 2701 962 2763 eccl.
986 2701 1038 2763 lib.
1062 2700 1092 2762 II
1115 2721 1142 2763 c.
1170 2703 1216 2776 18,
1245 2701 1435 2782 Hieronym.

181 2805 222 2866 de
244 2805 299 2867 vir.
322 2803 454 2886 illustr).
501 2802 708 2885 Quamquam
733 2805 836 2868 multo
858 2807 1029 2888 insigniore
1052 2806 1206 2886 exemplo
1228 2807 1441 2871 demonstrari

181 2917 299 2991 potest,
324 2908 452 2972 illorum
474 2910 666 2972 testimoniis
696 2909 772 2973 nihil
802 2914 933 2975 omniuo
963 2911 1162 2975 auctoritatis
1189 2913 1301 2974 Inesse.
1346 2913 1439 2976 Initio

181 3014 274 3077 huius
296 3014 366 3076 libri
389 3015 526 3096 scriptor
544 3017 742 3080 mentionem
773 3017 848 3081 facit
875 3017 989 3099 prioris
1019 3018 1176 3080 sermonis
1209 3018 1249 3079 de
1279 3018 1438 3082 malorum

181 3119 334 3183 servitute
357 3140 376 3182 a
398 3140 433 3183 se
456 3121 643 3202 compositi:
668 3122 710 3184 illi
731 3144 765 3185 se
786 3124 870 3184 hunc
893 3124 983 3202 quasi
1006 3121 1180 3203 gemellum
1203 3121 1333 3184 fratrem
1349 3125 1434 3187 addi-

181 3233 288 3288 turum
312 3245 393 3289 esse.
436 3225 513 3289 Duo
536 3225 619 3288 illius
641 3228 797 3291 sermonis
820 3228 1002 3291 testimonia
1025 3235 1163 3300 exstant,
1194 3225 1330 3290 alterurn
1353 3231 1440 3311 apud

180 3330 369 3407 Eusebium,
392 3331 446 3412 qui
469 3331 500 3393 in
522 3333 764 3396 enumeratione
786 3334 926 3396 Philonis
956 3351 1092 3415 operum
1122 3330 1205 3414 (hist.
1230 3333 1307 3396 eccl.
1330 3334 1360 3396 ΙΙ
1388 3337 1437 3416 18)

182 3455 342 3499 unacum
364 3435 427 3498 hoc
449 3435 530 3498 libro
553 3456 629 3499 eum
651 3450 895 3515 commemorat,
927 3440 1063 3502 alterum
1092 3437 1179 3519 apud
1203 3438 1440 3520 Hieronymum

182 3541 251 3623 (vir.
267 3540 403 3623 illustr),
428 3543 482 3624 qui
504 3562 579 3605 eum
602 3563 700 3605 unum
723 3545 765 3606 de
787 3544 835 3608 his
855 3546 983 3609 duobus
1004 3544 1123 3620 adfert;
1147 3543 1217 3606 libri
1232 3544 1342 3627 scripti
1364 3566 1439 3608 eum

181 3666 246 3708 non
268 3646 435 3728 praebent,
459 3647 547 3729 quod
569 3668 647 3710 sane
669 3668 734 3711 non
757 3651 872 3712 mirum
899 3659 958 3715 est.
1002 3650 1117 3733 Neque
1147 3651 1232 3711 enim
1259 3647 1343 3711 ullus
1371 3669 1437 3711 um·

183 3769 280 3831 quam
303 3750 369 3826 luit,
394 3752 425 3814 id
448 3753 535 3831 quod
559 3774 602 3815 ex
624 3751 687 3816 hoc
709 3753 790 3817 libro
806 3753 953 3818 facillime
968 3754 1170 3835 intellegitur,
1193 3755 1247 3835 qui
1261 3754 1439 3817 inscribitur

181 3858 248 3939 περὶ
270 3865 324 3918 τοῦ
344 3856 444 3918 πάντα
465 3857 629 3920 σπουδαῖον
651 3852 726 3920 εἶναι
749 3859 908 3943 ἐλεύθερον
929 3861 982 3922 ille
1005 3861 1145 3943 quidem,
1175 3879 1208 3921 re
1230 3879 1306 3921 vera
1328 3868 1437 3921 autem

180 3962 222 4025 de
244 3970 382 4045 utroque
404 3963 575 4044 paradoxo
589 3971 630 4025 ‘et
653 3963 693 4026 de
716 3966 868 4029 servitute
891 3966 1049 4028 malorum
1068 3974 1101 4028 et
1115 3967 1156 4028 de
1170 3965 1330 4029 bonorum
1345 3964 1435 4026 liber-

268 4131 291 4201 1)
310 4134 359 4184 Die
379 4136 560 4201 Therapeutan
578 4136 632 4184 und
653 4135 706 4185 ihre
723 4136 840 4201 Stellung
857 4137 884 4186 in
907 4137 954 4187 der
971 4137 1064 4188 Gesch.
1083 4137 1109 4186 d.
1128 4137 1231 4186 Askesc.
1248 4163 1283 4172 —
1300 4136 1366 4185 Eine
1382 4136 1433 4185 kri·

180 4224 260 4274 tische
276 4224 474 4290 Untersuchung
498 4226 543 4274 der
561 4224 655 4274 Schrift
679 4226 712 4274 de
734 4226 786 4276 vita
810 4226 1008 4291 contemplativa
1031 4243 1084 4275 von
1101 4225 1129 4274 P.
1150 4226 1181 4274 E.
1200 4226 1302 4275 Lucius.
1338 4225 1431 4274 strass-

181 4312 247 4378 burg
267 4312 340 4363 1880.
