3276 5040
771 373 963 434 ,6-

233 555 311 628 post
333 565 408 608 eum
418 543 559 626 Jacobus
574 541 751 624 Bernays1)
775 541 942 604 aPhilone
968 563 1042 604 eum
1065 542 1337 617 abiudicaverunt,
1360 565 1499 625 quorum

233 648 294 724 hic,
318 670 392 713 cum
414 649 518 712 obiter
538 648 605 712 eius
628 645 826 710 mentionem
849 647 988 721 iniceret,
1019 668 1145 738 causas
1160 669 1215 710 cur
1232 648 1276 710 ita
1291 648 1499 727 existimaret,

232 775 301 817 non
331 753 518 836 proposuit,
547 750 737 815 Frankelius
766 759 875 816 autem
906 761 974 814 tam
1008 773 1112 834 pauca
1144 752 1268 828 attulit,
1304 762 1339 817 ut
1366 766 1501 838 propter

235 858 341 941 ipsam
371 860 570 941 paucitatem
600 854 676 919 nihil
706 854 836 919 valeant
865 876 924 919 nec
955 858 1135 920 mirandum
1166 859 1222 933 sit,
1255 860 1343 940 quod
1373 870 1501 942 praeter

236 962 433 1037 Graetzium,
465 963 553 1042 quod
582 960 691 1035 sciam,
722 981 819 1024 nemo
847 962 875 1024 ei
898 961 996 1025 fidem
1018 963 1138 1026 habuit.
1184 961 1250 1025 Sed
1273 983 1313 1025 ne
1336 963 1501 1046 Bernaysii

236 1069 368 1149 quidem
398 1068 588 1131 auctoritate
620 1063 768 1129 homines
796 1066 885 1130 docti
915 1068 1055 1149 permoti
1084 1077 1167 1144 sunt,
1199 1079 1234 1132 ut
1263 1070 1439 1132 accuratius
1470 1070 1501 1133 in

235 1172 320 1236 hunc
343 1173 460 1237 librum
480 1173 691 1253 inquirerent:
716 1171 818 1234 immo
841 1174 929 1253 quod
952 1173 1025 1235 tulit
1048 1174 1088 1235 de
1112 1193 1152 1235 eo
1180 1174 1339 1249 iudicium,
1370 1176 1502 1254 omnino

237 1298 302 1340 non
325 1278 402 1341 satis
424 1277 599 1340 innotuisse
622 1275 759 1352 videtur,
784 1297 857 1340 cum
882 1278 979 1341 etiam
1007 1298 1090 1341 nunc
1122 1278 1204 1340 libro
1234 1278 1419 1360 simpliciter
1441 1301 1502 1362 pro

237 1384 378 1464 genuino
407 1391 553 1458 utantur,
583 1382 642 1445 viri
672 1381 873 1445 illustrissimi
906 1384 1083 1445 sententiae
1114 1383 1200 1446 nulla
1229 1385 1351 1448 ratione
1382 1385 1501 1464 habita,

168 1492 170 1498 '
238 1506 321 1568 quae
344 1508 384 1551 ne
406 1489 524 1552 diutius
546 1486 694 1569 neglecta
721 1486 834 1562 iaceat,
857 1486 941 1549 hanc
964 1489 1188 1568 quaestionem
1211 1489 1411 1553 instituimus.

240 1629 445 1640 ——-.—

238 1699 335 1762 negari,
356 1700 400 1748 sed
420 1709 504 1748 tamen
522 1707 636 1761 essunt,
657 1706 685 1748 ut
703 1698 864 1763 perspicuum
883 1698 923 1758 sit,
943 1698 1106 1747 Frankelium
1122 1700 1190 1749 hunc
1208 1700 1300 1749 librum
1314 1701 1430 1765 quamvis
1443 1717 1502 1766 pro·

241 1786 341 1836 fiteatur
359 1803 385 1836 se
403 1794 519 1838 accurate
538 1804 595 1837 eum
610 1785 796 1852 perquisivisse,
816 1802 897 1851 paene
915 1802 947 1834 ne
963 1786 1054 1850 legisse
1075 1788 1188 1852 quidem.
1224 1789 1280 1838 Nos
1299 1787 1377 1853 paulo
1390 1797 1415 1838 et
1428 1789 1503 1854 plura

239 1881 265 1922 et
282 1876 401 1938 graviora
419 1876 584 1942 proferemus.

329 1960 351 2027 ¹)
371 1965 453 2013 Ueber
470 1964 512 2013 die
529 1971 603 2013 unter
616 1963 734 2013 Philon's
746 1962 858 2011 Werken
876 1964 999 2013 stehende
1014 1963 1107 2013 Schrist
1127 1965 1205 2013 »tiber
1217 1963 1258 2012 die
1271 1965 1504 2015 Unzerstiirbarkeit

242 2050 287 2116 <ies
305 2051 436 2100 Weltalls«
456 2067 502 2100 aus
521 2052 571 2101 den
592 2051 724 2101 Abhandl.
747 2050 793 2100 der
817 2051 915 2116 konigl.
938 2051 1035 2101 Preuss.
1062 2052 1204 2102 Akademie
1228 2053 1272 2101 der
1295 2052 1448 2101 Wissensch.
1472 2069 1503 2102 zu

241 2137 326 2188 Berlin
339 2156 364 2188 v.
380 2140 403 2204 J.
424 2139 489 2189 1882
506 2156 531 2205 p.
550 2153 584 2204 34
601 2141 662 2189 adn.
687 2151 709 2198 1,
730 2156 756 2204 p.
775 2150 807 2203 53
826 2140 886 2191 and.
905 2154 929 2189 2.
