3276 5040
658 405 871 471 -,,-

141 563 310 646 ἐγκυκλίους
333 561 516 642 disciplinas
538 562 660 636 attinet,
683 562 803 625 Zenoni
826 583 891 625 non
914 563 1118 644 placuerunt:
1152 583 1226 625 nam
1250 560 1319 622 ἔνιοι
1335 599 1351 607 -
1364 559 1395 622 ὲν

140 671 259 740 πολλοῖς
280 676 513 749 κατηγοροῦντες
534 676 588 728 τοῦ
609 668 758 748 Ζήνωνος,
788 678 907 751 πρῶτον
926 667 983 748 μὲν
1004 669 1059 748 τὴν
1080 667 1231 750 ίγκύκλιον
1256 667 1395 728 παιδείαν

138 775 288 855 ἄχρηστον
310 769 486 853 ἀποφαίνειν
508 773 617 854 (Diog.
636 773 696 856 32),
720 776 777 837 sed
800 775 973 857 εὐχρηστεῖν
994 774 1043 834 καὶ
1067 774 1106 834 τὰ
1127 773 1265 856 ίγκύκλια
1285 773 1394 853 μαθή-

137 878 222 958 ματά
246 901 337 961 φησιν
359 877 374 937 ὁ
396 878 578 959 Χρύσιππος
607 877 663 961 (ib.
691 879 772 962 129).
822 878 921 960 Quod
950 879 1025 942 lacti
1055 880 1126 942 illae
1156 888 1393 961 comparantur,

139 985 263 1046 virtutis
285 993 460 1065 praecepta
480 983 673 1047 firmioribus
695 985 783 1061 cibis,
811 987 925 1048 eadem
957 985 1160 1048 similitudine
1181 985 1272 1047 Philo
1299 986 1396 1047 utitur

136 1090 177 1152 de
207 1109 318 1169 congr.
341 1109 449 1169 quaer.
472 1089 561 1157 erud.
591 1090 693 1168 gratia
713 1090 728 1152 Ι
752 1091 884 1170 521l22:
920 1093 974 1171 οὐχ
1002 1091 1083 1178 ὁρᾷς,
1106 1090 1153 1152 ὅτι
1175 1091 1225 1151 καλ
1247 1090 1283 1151 τὸ
1306 1097 1395 1168 σῶμα

140 1196 223 1274 ἡμῶν
237 1196 272 1255 ού
292 1192 437 1276 πρότερον
456 1194 633 1276 πεπηγυίαις
653 1195 702 1255 καὶ
726 1196 896 1258 πολυτελέσι
917 1205 1029 1280 χρῆται
1052 1204 1188 1280 τροφαῖς,
1210 1195 1282 1279 πρὶν
1295 1193 1314 1274 ἢ
1329 1202 1395 1266 ταῖς

135 1299 300 1372 οἷποικίλοις
333 1300 382 1360 καὶ
418 1297 642 1381 γαλακτώιλεσιν
667 1300 698 1360 ἓν
725 1301 827 1388 ἡλικίη
856 1304 895 1386 τῇ
922 1300 1092 1384 βρεφώύεις
1144 1302 1206 1362 Τὸν
1235 1300 1328 1361 αὐτὸν
1358 1299 1395 1378 dl]

139 1403 250 1488 τρόπον
272 1405 321 1465 καὶ
337 1407 374 1489 τῇ
387 1407 477 1492 ψυχῇ
492 1405 632 1478 παιιλικὰς
647 1404 703 1485 μὲν
718 1405 840 1485 νόμισον
854 1407 1057 1489 ηὐτρεπίσθαι
1073 1407 1188 1489 τροφὰς
1203 1407 1241 1467 τὰ
1256 1404 1395 1487 ἐγκύκλια

139 1511 189 1571 καὶ
211 1511 250 1571 τὰ
272 1502 342 1571 >ru-9³
377 1509 502 1571 ἕκαστον
524 1512 623 1572 αύτιῖιν
650 1512 856 1595 θεωρήματα·
880 1510 1061 1595 τελειοτέρας
1087 1511 1121 1573 δὲ
1143 1513 1193 1572 καὶ
1223 1511 1394 1594 πρεπούσας

138 1611 281 1699 ἀνδράσιν
310 1616 351 1688 ὡς
379 1613 505 1696 ἀληθῶς
535 1616 589 1688 τὰς
617 1615 736 1699 ἀρετάς,
759 1626 926 1700 praeterea
948 1617 989 1680 de
1011 1617 1156 1699 agricult.
1178 1619 1193 1681 Ι
1219 1635 1294 1698 301:
1330 1615 1396 1679 Sed

110 1773 112 1778 .
138 1721 278 1784 Philonis
300 1743 373 1785 eam
396 1742 461 1784 non
483 1722 647 1804 propriam
668 1722 805 1786 esse.ita
827 1731 871 1799 ut,
907 1724 996 1804 quod
1017 1723 1070 1786 hic
1099 1731 1218 1803 exstat,
1248 1723 1280 1786 id
1310 1741 1394 1789 com-

136 1827 263 1909 pilatori
284 1827 324 1890 sit
346 1827 559 1903 tribuendum,
583 1848 657 1890 cum
680 1848 739 1910 per
760 1848 795 1890 se
809 1837 954 1910 apparet,
977 1850 1052 1891 cum
1067 1850 1132 1892 non
1148 1829 1212 1893 alte
1228 1828 1268 1892 sit
1283 1827 1393 1910 petita,

139 1934 196 1996 sed
227 1953 331 2015 paene
359 1933 400 1996 de
429 1933 523 1995 trivio
552 1942 698 2014 sumpta,
733 1943 802 1997 tum
832 1955 871 1997 ea
900 1955 976 1997 usus
1005 1944 1056 1998 est
1081 1934 1198 1997 Paulus
1227 1934 1395 2017 apostolus

136 2039 151 2101 I
174 2038 248 2103 Cor.
273 2056 301 2119 3,
327 2055 362 2102 2:
392 2037 473 2121 γάλα
501 2039 580 2117 ύμᾶς
610 2035 733 2100 ἐπότισα
762 2040 812 2099 καὶ
835 2041 869 2099 ού
892 2043 1004 2122 βρῶμα
1026 2038 1067 2106 cf.
1089 2039 1190 2104 Hebr.
1215 2051 1242 2120 5,
1272 2054 1318 2115 12,
1346 2055 1358 2100 Ι
1365 2055 1393 2118 3.

138 2146 258 2214 lPetr.
282 2163 310 2222 2,
336 2161 364 2210 2.
409 2143 498 2208 Alibi
528 2164 601 2208 eam
631 2143 707 2208 mihi
737 2145 912 2208 occurrisse
941 2165 1005 2208 non
1034 2146 1180 2221 memini,
1209 2165 1395 2227 quanquam

139 2272 203 2314 non
226 2252 274 2315 his
297 2250 375 2314 solis
396 2250 476 2314 locis
502 2271 575 2314 eam
597 2258 726 2314 exstare
747 2250 824 2315 mihi
846 2251 1123 2334 persuasissimum
1146 2258 1203 2314 est.

663 2447 870 2454 *-

226 2565 288 2628 Ηίε
317 2574 367 2628 est
397 2565 477 2629 liber
497 2566 538 2629 de
564 2567 710 2631 libertate
738 2568 901 2649 sapientis,
931 2588 1029 2649 quem
1060 2568 1149 2648 quod
1178 2587 1221 2630 ex
1248 2565 1312 2628 hoc
1340 2565 1395 2645 qui

140 2669 280 2733 Philonis
302 2671 431 2733 nomine
454 2670 553 2735 fertur
572 2672 654 2736 libro
677 2674 743 2757 περὶ
766 2684 820 2735 τοῦ
840 2672 940 2735 πάντα
954 2673 1118 2734 σπουδαῖον
1136 2666 1210 2732 εἶναι
1227 2671 1395 2754 ἐλεύθερον,

142 2783 299 2856 quantum
322 2776 353 2837 in
376 2776 468 2838 nobis
491 2786 569 2853 erat,
591 2778 739 2854 eruimus,
770 2801 889 2862 operae
919 2779 1055 2861 pretium
1090 2777 1203 2841 fecisse
1233 2776 1325 2839 nobis
1355 2777 1395 2839 vi·
1504 2789 1507 2794 '

140 2883 261 2957 demur,
285 2902 359 2943 cum
382 2882 425 2945 ita
447 2882 562 2945 librum
585 2884 770 2960 habeamus
794 2886 848 2966 qui
872 2907 936 2949 non
958 2885 1063 2948 solum
1086 2883 1235 2947 omnibus
1257 2882 1396 2946 numeris
1480 2933 1487 2942 .

140 2988 180 3048 sit
195 2985 331 3062 Stoicus,
355 2988 412 3051 sed
435 2988 532 3052 etiam
554 2992 714 3069 quaedam
736 2991 890 3071 praebeat
912 2991 954 3053 ad
969 2990 1083 3054 Stoam
1106 2990 1295 3065 revocanda,
1312 3008 1395 3069 quae

48 3168 51 3174 .
141 3093 227 3173 apud
249 3091 329 3154 alios
350 3113 415 3155 non
438 3093 646 3170 inveniuntur,
671 3115 753 3176 quae
776 3106 812 3159 ut
833 3116 1065 3170 enumeremus,
1088 3104 1162 3158 sunt
1184 3094 1281 3160 haec:
1304 3113 1394 3174 argu-

142 3206 293 3272 mentum,
324 3198 413 3280 quod
443 3200 683 3263 demonstratur
711 3200 757 3262 ὅτι
787 3203 841 3280 οὐχ
866 3203 885 3281 ἡ
908 3204 1017 3285 πρᾶσις
1039 3203 1141 3285 κύριον
1162 3198 1321 3282 ἀποφαίνει
1343 3199 1396 3259 τὸν

143 3302 306 3384 πριάμενον
327 3305 371 3386 (p.
382 3304 468 3387 451),
491 3305 643 3387 sapientis
666 3328 738 3368 cum
762 3307 854 3369 leone
878 3312 1078 3389 comparatio
1101 3308 1177 3389 (ib),
1195 3313 1393 3387 argumenta,

141 3430 184 3471 ex
212 3410 350 3472 amicitia
379 3410 531 3491 sapientis
560 3431 634 3473 cum
661 3411 733 3487 deo,
764 3421 861 3492 atque
891 3433 935 3475 ex
963 3413 1205 3495 comparatione
1228 3411 1395 3473 hominum

140 3535 214 3576 cum
236 3514 416 3577 civitatibus
438 3516 539 3598 petita
559 3517 602 3597 (p.
625 3521 711 3599 452),
733 3519 817 3582 duae
836 3538 920 3599 quae
944 3540 987 3581 ex
1003 3518 1138 3606 ἰσηγορίη
1152 3515 1395 3599 proficiscuntur

141 3621 409 3702 interrogationes
441 3621 483 3704 (p.
508 3622 602 3705 453),
636 3624 701 3686 duo
730 3623 774 3686 illi
803 3624 1007 3705 pulcherrimi
1037 3623 1218 3706 syllogismi
1240 3623 1286 3706 (p.
1308 3622 1394 3701 454),

140 3735 366 3807 argumentum
388 3727 461 3788 inde
483 3728 571 3808 quod
594 3726 724 3790 libertas
745 3728 868 3792 bonum
889 3739 939 3792 est
959 3731 1091 3793 ductum
1118 3730 1161 3810 (p.
1184 3728 1269 3808 466),
1293 3747 1395 3807 eaque

142 3851 226 3911 quae
256 3853 298 3894 ex
328 3831 428 3914 asylis
457 3831 555 3895 libere
584 3833 736 3914 loquendi
762 3833 913 3897 fiduciam
935 3834 1163 3916 praebentibus
1184 3831 1396 3916 proficiscitur

140 3937 303 4000 conclusio
325 3942 370 4020 (p.
392 3936 531 4019 468169),
553 3939 793 4002 adhortationes
818 3942 861 4021 (p.
887 3940 978 4020 468);
1010 3961 1195 4021 quanquam
1217 3958 1282 4001 non
1305 3945 1395 4000 tanta

140 4062 251 4105 sumus
280 4043 457 4106 litterarum
485 4043 625 4120 scientia,
655 4053 690 4107 ut
719 4043 898 4125 praefracte
922 4046 1097 4108 audeamus
1120 4064 1238 4127 negare
1259 4043 1322 4105 hoc
1343 4041 1395 4103 vel

140 4147 217 4211 illud
240 4149 336 4211 etiam
359 4150 445 4232 apud
467 4148 547 4212 alios
569 4149 709 4214 inveniri.

226 4251 351 4333 Quibus
373 4255 573 4337 temporibus
595 4254 647 4317 ille
667 4254 747 4318 liber
770 4255 811 4319 sit
833 4255 1041 4337 conscriptus,
1065 4256 1181 4318 certius
1203 4275 1268 4344 nop
1283 4275 1394 4338 possu-

141 4380 212 4421 mus
234 4360 374 4438 definire,
406 4361 464 4424 nisi
487 4382 561 4425 eum
590 4368 667 4443 post
689 4359 917 4444 Chrysippum,
946 4362 1035 4424 cuius
1058 4360 1272 4442 fragmentum
1301 4361 1393 4437 inest,
