3276 5040
685 377 872 439 ,9-

151 526 244 589 nitur.
283 525 349 591 Sed
372 527 504 590 omnino
527 547 592 590 non
613 529 719 603 video,
744 529 798 608 qui
813 527 949 591 alterum
963 531 1066 610 possit
1081 528 1123 591 ab
1139 529 1240 593 altero
1256 529 1406 612 separari,

151 651 226 694 cum
248 651 352 712 neque
375 633 452 713 quid
475 632 605 696 libertas
627 632 669 695 sit
699 634 912 697 demonstrari
932 635 1034 713 possit
1059 634 1117 696 nisi
1145 634 1288 698 adhibita
1314 638 1407 699 servi·

146 745 228 812 -tute,
252 757 312 800 nec
335 738 412 819 quid
432 738 473 800 sit
498 738 634 800 servitus
663 737 814 819 intellegi,
842 738 901 800 nisi
928 759 1002 801 cum
1032 737 1178 802 libertate
1208 740 1415 829 conseraturp

146 842 259 922 itaque
280 862 340 906 nee
361 841 479 906 Cicero
501 863 606 925 neque
627 844 805 925 Epictetus,
829 863 967 925 quorum
990 843 1032 906 de
1061 843 1122 906 hac
1145 865 1179 907 re
1202 840 1407 926 quaestiones

149 946 317 1026 habemus,
350 967 419 1010 rem
445 948 476 1010 in
505 948 586 1011 duas
616 957 725 1030 partes
754 949 997 1024 distribuerunt,
1030 950 1088 1013 sed
1118 970 1181 1012 una
1210 951 1252 1012 de
1280 950 1407 1014 duobus

150 1053 325 1134 paradoxis
345 1062 454 1134 agunt.
499 1053 553 1116 Ex
572 1053 622 1116 his
642 1053 796 1134 suspicari
818 1052 892 1116 licet
913 1074 979 1116 non
1000 1063 1136 1136 propter
1150 1063 1336 1137 temporum
1352 1057 1408 1118 ini-

148 1159 305 1237 quitatem
327 1159 420 1221 nobis
442 1178 507 1221 non
529 1159 624 1221 licere
639 1158 755 1220 librum
770 1158 837 1240 napi
852 1166 908 1218 roll
921 1157 1021 1220 πάντα
1036 1164 1155 1244 φαῦλον
1168 1154 1245 1222 εἶναι
1261 1162 1368 1223 δοῦλον
1379 1162 1406 1245 ¹)

149 1263 181 1324 in
209 1283 322 1326 manus
351 1284 488 1339 sumere,
514 1264 572 1327 sed
600 1263 722 1326 nullum
751 1283 906 1345 umquam
936 1263 1042 1327 luisse.
1086 1263 1180 1345 Quae
1201 1267 1298 1347 igitur
1320 1270 1407 1349 apud

150 1367 327 1431 Eusebium
349 1377 383 1431 et
404 1369 641 1450 Hieronymum
670 1370 736 1431 eius
766 1369 950 1432 testimonia
971 1378 1109 1444 exstant,
1141 1390 1215 1433 cum
1242 1373 1406 1454 inscriptio

145 1482 275 1536 'tantum
298 1484 504 1550 memoretur,
524 1474 599 1536 nihil
620 1475 764 1555 impedit,
787 1494 853 1556 quo
879 1474 983 1537 minus
1008 1495 1047 1547 ea
1077 1475 1222 1557 prolecta
1251 1497 1323 1540 esse
1346 1487 1406 1540 sta·

151 1588 280 1641 tuamus
302 1581 419 1655 exeis,
443 1580 578 1660 quaein
600 1579 688 1641 initio
710 1579 803 1642 huius
821 1579 891 1643 libri
914 1582 955 1643 de
977 1601 1017 1643 eo
1039 1581 1196 1646 dicuntur.

236 1682 329 1764 Quae
359 1706 433 1749 cum
463 1685 507 1748 ita
536 1684 607 1760 sint,
638 1684 698 1747 illis
727 1685 926 1760 testimoniis,
958 1694 993 1749 ut
1018 1706 1078 1767 par
1107 1695 1165 1761 est,
1196 1686 1351 1767 neglectis
1376 1687 1406 1749 in

148 1789 264 1852 librum
286 1791 392 1873 ipsum
415 1792 621 1872 inquiramus,
646 1810 729 1872 quae
744 1791 876 1854 tandem
892 1791 956 1854 sint
970 1791 1001 1853 in
1017 1811 1068 1866 eo,
1093 1811 1177 1873 quae
1193 1791 1225 1854 in
1240 1791 1406 1875 Philonem

148 1916 214 1958 non
236 1897 436 1960 conveniant.
481 1897 592 1959 Unum
614 1905 723 1958 autem
745 1895 838 1959 nobis
860 1896 923 1958 iam
946 1898 1098 1960 occurrit:
1131 1917 1205 1960 nam
1237 1897 1324 1978 quod
1347 1898 1406 1978 pri-

148 2022 240 2064 orem
262 2002 350 2065 illum
373 2023 556 2065 sermonem
574 2023 593 2064 a
608 2002 764 2082 scriptore
779 2020 844 2062 non
860 2002 936 2063 satis
952 2003 1031 2064 scite
1045 2001 1157 2092 fictum
1174 2023 1246 2065 esse
1260 2002 1405 2077 vidimus,

148 2106 211 2169 hoc
233 2106 265 2168 in
286 2106 453 2171 Philonem
474 2129 539 2171 non
562 2107 739 2170 admodum
762 2107 921 2185 quadrare
943 2126 1039 2169 nemo
1071 2107 1211 2188 negabit.
1257 2106 1322 2170 Sed
1345 2105 1407 2169 hoc

149 2210 301 2292 pusillum
324 2222 448 2276 estnec
464 2234 523 2294 per
540 2234 574 2276 se
590 2213 732 2293 dignum,
757 2212 845 2291 quod
867 2211 973 2293 primo
994 2212 1068 2275 loco
1083 2221 1232 2294 ponatur,
1255 2233 1353 2292 quem
1368 2232 1406 2273 ea

148 2316 254 2380 solum
270 2319 311 2380 de
327 2338 424 2380 causa
439 2318 572 2402 obtinet,
597 2319 671 2398 quia
693 2317 873 2379 necessario
895 2337 940 2378 ex
961 2317 1007 2392 iis,
1031 2337 1114 2399 quae
1137 2338 1234 2398 supra
1256 2318 1297 2380 de
1319 2316 1406 2379 initio

48 2418 52 2423 ’
149 2422 219 2485 libri
238 2423 432 2504 disputanda
454 2432 555 2500 erant,
578 2423 730 2503 sequitur.

232 2527 317 2589 Nam
341 2548 384 2590 ex
410 2528 569 2603 omnibus,
600 2548 682 2609 quae
711 2534 834 2595 contra,
854 2527 939 2590 hunc
962 2528 1077 2591 librum
1100 2525 1234 2609 proferri
1257 2534 1403 2606 possunt,

148 2653 310 2695 summum
333 2634 460 2714 pondus
482 2632 581 2696 habet
603 2641 701 2713 atque
725 2633 809 2694 adeo
839 2641 1041 2695 momentum
1072 2633 1148 2695 lacit
1169 2640 1405 2713 argumentum,

148 2740 237 2821 quod
265 2759 309 2800 ex
335 2739 371 2800 iis
394 2738 473 2802 locis
495 2739 636 2815 ducitur,
669 2739 723 2819 qui
752 2745 880 2820 praeter
912 2752 1018 2800 cetera
1046 2738 1119 2801 huic
1152 2738 1234 2800 libro
1264 2736 1405 2816 speciem

148 2845 271 2907 addunt
292 2841 465 2906 Philoneae
485 2842 624 2925 originis,
649 2861 706 2903 eos
729 2841 802 2904 dico
825 2842 924 2917 locoS,
956 2845 1010 2924 qui
1032 2866 1075 2907 ex
1097 2844 1291 2906 Iudaeorum
1316 2861 1406 2903 sacra

148 2951 305 3031 scriptura
327 2941 631 3022 commemorantur,
656 2967 794 3028 quorum
816 2948 957 3028 primum
987 2950 1178 3031 scriptorem
1210 2969 1253 3010 ex
1275 2946 1407 3010 Philone

148 3055 356 3137 exscripsisse
371 3063 460 3117 certo
471 3062 582 3135 potest
598 3053 820 3127 demonstrari,
837 3071 920 3131 quos
935 3074 1049 3116 omnes
1064 3074 1139 3116 eum
1150 3053 1273 3116 Philoni
1289 3052 1408 3115 debere

154 3161 220 3222 veri
249 3170 298 3223 est
327 3159 531 3221 simillimum.
576 3159 700 3220 Primus
727 3157 818 3219 locus
847 3166 956 3220 exstat
984 3179 1016 3240 p.
1039 3159 1166 3238 449l50,
1195 3159 1248 3221 ubi
1271 3158 1406 3239 sapienti

149 3285 223 3326 cum
246 3264 369 3327 athleta
389 3273 579 3345 comparato
602 3262 773 3326 adversarii
795 3262 899 3343 plagis
922 3282 987 3324 non
1015 3264 1140 3325 cedenti
1169 3264 1210 3325 ad
1240 3283 1308 3325 rem
1330 3282 1406 3343 pro-

147 3368 288 3432 bandam
314 3369 517 3432 Antisthenis
548 3378 581 3432 et
611 3369 803 3431 Iudaeorum
832 3367 1052 3448 legumlatoris
1083 3369 1168 3431 dicta
1200 3367 1402 3430 adferuntur:

145 3474 188 3546 sig
209 3483 306 3535 ταῦτα
328 3472 362 3535 δὲ
383 3474 500 3534 ἀπιδὼν
516 3472 711 3554 Ἀντισθένης
739 3472 969 3551 δυσβάστακτα
1000 3467 1079 3534 εἶπεν
1101 3468 1176 3534 εἶναι
1198 3473 1251 3533 τὸν
1273 3475 1402 3534 ἀστεῒον·

146 3580 188 3651 ὡς
208 3580 267 3661 γὰρ
288 3581 307 3659 ἡ
329 3581 484 3662 ἀφροσύνη
507 3588 620 3661 κοῦφον
640 3579 690 3639 καὶ
714 3576 888 3662 φερόμενον,
909 3579 929 3657 ἡ
952 3577 1095 3661 φρόνησις
1117 3576 1324 3662 ἔρηρεισμὲνον
1353 3577 1403 3655 καὶ

146 3683 262 3757 dulcuit
277 3687 326 3746 nul
337 3684 432 3767 βάρος
442 3683 508 3764 ἕχον
519 3684 691 3746 ἀσάλευτον.
719 3681 754 3745 Ὁ
770 3683 803 3744 δὲ
817 3685 855 3763 δὴ
866 3675 1091 3745 τῶνἸοαὸἀίων
1105 3681 1274 3763 νομοθέτης
1283 3684 1339 3755 τὰς
1352 3691 1406 3743 τοῦ

145 3799 243 3873 σοφοῦ
262 3797 366 3874 χεΐρας
385 3791 511 3874 βαρείας
526 3788 646 3871 εἰσάγει,
668 3789 719 3850 διὰ
733 3787 896 3867 συμβόλων
910 3789 965 3861 τὰς
979 3788 1100 3870 πράξεις
1114 3787 1328 3866 αἰνιττόμενος,
1351 3789 1405 3849 οὐκ

148 3895 337 3971 ἐπιπολαίως,
346 3895 422 3955 ἀλλὰ
430 3896 543 3975 παγίως
551 3892 759 3977 ἓρηρεισμὲνας
767 3895 826 3954 ἀπὸ
834 3894 906 3976 (ὑπὸ
915 3893 1117 3956 scribendum
1126 3893 1264 3976 videtur)
1273 3892 1405 3963 διανοίας

146 4085 149 4088 ’
228 4081 252 4150 1)
270 4085 412 4148 Mangeyus
429 4099 486 4132 cum
504 4083 592 4132 codice
605 4083 723 4132 Mediceo
737 4083 844 4133 scribere
857 4083 954 4132 mavult
970 4084 1033 4150 περ)
1047 4077 1198 4134 roderium
1212 4080 1316 4134 δοῦλον
1333 4077 1404 4133 εἶναι

147 4174 268 4240 φαῦλον,
288 4179 435 4236 comparato
453 4171 573 4233 Eusebio,
593 4171 637 4235 qui
655 4171 722 4220 hunc
740 4171 832 4220 librum
850 4171 931 4220 adfert
949 4171 1006 4221 hist.
1024 4171 1113 4220 eccles.
1133 4171 1177 4221 lib.
1196 4172 1222 4220 ΙΙ
1240 4187 1261 4220 c.
1279 4170 1324 4220 18:
1356 4166 1403 4222 ἰπὶ

145 4255 255 4320 τούτοις
273 4255 288 4312 ὁ
306 4261 370 4330 περὶ
389 4269 440 4312 τοῦ
457 4259 562 4311 δοῦλον
580 4257 651 4312 εἶναι
668 4254 764 4310 πάντα
783 4261 903 4330 φαῦλον,
922 4244 943 4328 ri
962 4259 1037 4311 ἔστιν
1055 4254 1140 4328 ἑξῇςὸ
1157 4259 1222 4328 περὶ
1241 4259 1293 4311 roi
1311 4254 1404 4311 πάντα

149 4363 198 4399 απ.
218 4346 288 4402 εἶναι
307 4349 344 4401 el.
381 4348 433 4397 Sed
451 4365 546 4398 errasse
564 4349 644 4397 virum
661 4349 766 4400 doctum
786 4355 900 4414 apparet.
