<?xml version="1.0" encoding="UTF-8"?>
<!DOCTYPE html PUBLIC "-//W3C//DTD XHTML 1.0 Transitional//EN"
    "http://www.w3.org/TR/xhtml1/DTD/xhtml1-transitional.dtd">
<html xmlns="http://www.w3.org/1999/xhtml" xml:lang="en" lang="en">
 <head>
  <title>
</title>
<meta http-equiv="Content-Type" content="text/html;charset=utf-8" />
  <meta name='ocr-system' content='tesseract 3.04.00' />
  <meta name='ocr-capabilities' content='ocr_page ocr_carea ocr_par ocr_line ocrx_word'/>
</head>
<body>
  <div class='ocr_page' id='page_1' title='image "./delibroperitoup00ausfgoog_0032.png"; bbox 0 0 3276 5040; ppageno 0'>
   <div class='ocr_carea' id='block_1_1' title="bbox 714 369 922 434">
    <p class='ocr_par' dir='ltr' id='par_1_1' title="bbox 714 369 922 434">
     <span class='ocr_line' id='line_1_1' title="bbox 714 369 922 434; baseline -0.005 -33"><span class='ocrx_word' id='word_1_1' title='bbox 714 369 922 434; x_wconf 61' lang='lat'><strong><em>„25-</em></strong></span> 
     </span>
    </p>
   </div>
   <div class='ocr_carea' id='block_1_2' title="bbox 185 523 1444 3866">
    <p class='ocr_par' dir='ltr' id='par_1_2' title="bbox 186 523 1444 1765">
     <span class='ocr_line' id='line_1_2' title="bbox 186 523 1442 606; baseline -0.001 -19"><span class='ocrx_word' id='word_1_2' title='bbox 186 525 239 588; x_wconf 94' lang='lat' dir='ltr'><strong>ille</strong></span> <span class='ocrx_word' id='word_1_3' title='bbox 261 525 341 588; x_wconf 93' lang='lat' dir='ltr'><strong>liber</strong></span> <span class='ocrx_word' id='word_1_4' title='bbox 363 525 465 599; x_wconf 85' lang='lat' dir='ltr'><strong>fuerit,</strong></span> <span class='ocrx_word' id='word_1_5' title='bbox 488 526 514 586; x_wconf 91' lang='lat' dir='ltr'><strong>si</strong></span> <span class='ocrx_word' id='word_1_6' title='bbox 538 526 729 606; x_wconf 85' lang='lat' dir='ltr'>quaerimus,</span> <span class='ocrx_word' id='word_1_7' title='bbox 753 544 797 586; x_wconf 89' lang='lat' dir='ltr'><strong>ex</strong></span> <span class='ocrx_word' id='word_1_8' title='bbox 817 525 880 586; x_wconf 91' lang='lat' dir='ltr'><strong>hoc</strong></span> <span class='ocrx_word' id='word_1_9' title='bbox 899 523 1079 605; x_wconf 88' lang='lat' dir='ltr'><strong>fragmento</strong></span> <span class='ocrx_word' id='word_1_10' title='bbox 1095 525 1125 586; x_wconf 94' lang='lat' dir='ltr'><strong>id</strong></span> <span class='ocrx_word' id='word_1_11' title='bbox 1142 525 1273 603; x_wconf 90' lang='lat' dir='ltr'><strong>quidem</strong></span> <span class='ocrx_word' id='word_1_12' title='bbox 1289 525 1442 606; x_wconf 90' lang='lat' dir='ltr'><strong>suspicari</strong></span> 
     </span>
     <span class='ocr_line' id='line_1_3' title="bbox 187 629 1441 712; baseline -0.001 -20"><span class='ocrx_word' id='word_1_13' title='bbox 187 630 261 693; x_wconf 88' lang='lat' dir='ltr'><strong>licet</strong></span> <span class='ocrx_word' id='word_1_14' title='bbox 284 650 358 692; x_wconf 90' lang='lat' dir='ltr'><strong>eum</strong></span> <span class='ocrx_word' id='word_1_15' title='bbox 381 631 598 712; x_wconf 88' lang='lat' dir='ltr'><strong>compositum</strong></span> <span class='ocrx_word' id='word_1_16' title='bbox 622 650 693 692; x_wconf 90' lang='lat' dir='ltr'><strong>esse</strong></span> <span class='ocrx_word' id='word_1_17' title='bbox 723 631 763 692; x_wconf 92' lang='lat' dir='ltr'><strong>ad</strong></span> <span class='ocrx_word' id='word_1_18' title='bbox 793 629 1061 711; x_wconf 89' lang='lat' dir='ltr'><strong>philosophorum</strong></span> <span class='ocrx_word' id='word_1_19' title='bbox 1090 630 1314 692; x_wconf 90' lang='lat' dir='ltr'><strong>auctoritatem</strong></span> <span class='ocrx_word' id='word_1_20' title='bbox 1345 631 1441 692; x_wconf 92' lang='lat' dir='ltr'><strong>minu·</strong></span> 
     </span>
     <span class='ocr_line' id='line_1_4' title="bbox 186 734 1442 816; baseline 0.001 -20"><span class='ocrx_word' id='word_1_21' title='bbox 186 735 319 816; x_wconf 86' lang='lat' dir='ltr'><strong>endam:</strong></span> <span class='ocrx_word' id='word_1_22' title='bbox 344 736 460 797; x_wconf 90' lang='lat' dir='ltr'><strong>certius</strong></span> <span class='ocrx_word' id='word_1_23' title='bbox 483 755 557 797; x_wconf 93' lang='lat' dir='ltr'><strong>eum</strong></span> <span class='ocrx_word' id='word_1_24' title='bbox 580 735 712 798; x_wconf 88' lang='lat' dir='ltr'><strong>definire</strong></span> <span class='ocrx_word' id='word_1_25' title='bbox 734 736 876 797; x_wconf 89' lang='lat' dir='ltr'><strong>nondum</strong></span> <span class='ocrx_word' id='word_1_26' title='bbox 899 754 1081 816; x_wconf 91' lang='lat' dir='ltr'><strong>possumus.</strong></span> <span class='ocrx_word' id='word_1_27' title='bbox 1119 734 1220 797; x_wconf 85' lang='lat' dir='ltr'><strong>Recte</strong></span> <span class='ocrx_word' id='word_1_28' title='bbox 1237 744 1346 796; x_wconf 90' lang='lat' dir='ltr'><strong>autem</strong></span> <span class='ocrx_word' id='word_1_29' title='bbox 1362 735 1442 797; x_wconf 88' lang='lat' dir='ltr'><strong>haec</strong></span> 
     </span>
     <span class='ocr_line' id='line_1_5' title="bbox 188 838 1442 923; baseline 0.002 -23"><span class='ocrx_word' id='word_1_30' title='bbox 188 860 208 900; x_wconf 91' lang='lat' dir='ltr'><strong>a</strong></span> <span class='ocrx_word' id='word_1_31' title='bbox 230 839 323 902; x_wconf 90' lang='lat' dir='ltr'><strong>nobis</strong></span> <span class='ocrx_word' id='word_1_32' title='bbox 342 842 504 921; x_wconf 92' lang='lat' dir='ltr'><strong>disputata</strong></span> <span class='ocrx_word' id='word_1_33' title='bbox 527 861 598 902; x_wconf 88' lang='lat' dir='ltr'><strong>esse</strong></span> <span class='ocrx_word' id='word_1_34' title='bbox 618 850 651 903; x_wconf 92' lang='lat' dir='ltr'><strong>et</strong></span> <span class='ocrx_word' id='word_1_35' title='bbox 673 861 713 903; x_wconf 97' lang='lat' dir='ltr'><strong>eo</strong></span> <span class='ocrx_word' id='word_1_36' title='bbox 736 838 953 914; x_wconf 88' lang='lat' dir='ltr'><strong>confirmatur,</strong></span> <span class='ocrx_word' id='word_1_37' title='bbox 977 840 1064 923; x_wconf 88' lang='lat' dir='ltr'><strong>quod</strong></span> <span class='ocrx_word' id='word_1_38' title='bbox 1088 848 1213 901; x_wconf 89' lang='lat' dir='ltr'><strong>remoto</strong></span> <span class='ocrx_word' id='word_1_39' title='bbox 1237 840 1298 901; x_wconf 91' lang='lat' dir='ltr'><strong>isto</strong></span> <span class='ocrx_word' id='word_1_40' title='bbox 1321 839 1442 902; x_wconf 91' lang='lat' dir='ltr'><strong>emble·</strong></span> 
     </span>
     <span class='ocr_line' id='line_1_6' title="bbox 187 943 1441 1026; baseline -0.002 -18"><span class='ocrx_word' id='word_1_41' title='bbox 187 954 276 1008; x_wconf 88' lang='lat' dir='ltr'><strong>mate</strong></span> <span class='ocrx_word' id='word_1_42' title='bbox 297 966 358 1008; x_wconf 93' lang='lat' dir='ltr'><strong>una</strong></span> <span class='ocrx_word' id='word_1_43' title='bbox 380 945 528 1007; x_wconf 93' lang='lat' dir='ltr'><strong>videlicet</strong></span> <span class='ocrx_word' id='word_1_44' title='bbox 550 967 623 1008; x_wconf 93' lang='lat' dir='ltr'><strong>cum</strong></span> <span class='ocrx_word' id='word_1_45' title='bbox 645 946 751 1009; x_wconf 92' lang='lat' dir='ltr'><strong>verbis</strong></span> <span class='ocrx_word' id='word_1_46' title='bbox 774 943 836 1007; x_wconf 73' lang='grc' dir='ltr'><strong>ἔστι</strong></span> <span class='ocrx_word' id='word_1_47' title='bbox 859 943 891 1005; x_wconf 74' lang='grc' dir='ltr'><strong>δὲ</strong></span> <span class='ocrx_word' id='word_1_48' title='bbox 907 947 944 1006; x_wconf 86' lang='grc' dir='ltr'><strong>τὰ</strong></span> <span class='ocrx_word' id='word_1_49' title='bbox 967 955 1092 1008; x_wconf 82' lang='grc' dir='ltr'><strong><em>τοιαῦτα</em></strong></span> <span class='ocrx_word' id='word_1_50' title='bbox 1115 970 1143 1009; x_wconf 85' lang='grc' dir='ltr'><strong>κ.</strong></span> <span class='ocrx_word' id='word_1_51' title='bbox 1160 968 1186 1005; x_wconf 86' lang='grc' dir='ltr'><strong>τ.</strong></span> <span class='ocrx_word' id='word_1_52' title='bbox 1202 948 1228 1005; x_wconf 77' lang='grc' dir='ltr'><strong>λ.</strong></span> <span class='ocrx_word' id='word_1_53' title='bbox 1250 965 1269 1006; x_wconf 93' lang='lat' dir='ltr'><strong>a</strong></span> <span class='ocrx_word' id='word_1_54' title='bbox 1292 944 1441 1026; x_wconf 90' lang='lat' dir='ltr'><strong>compila-</strong></span> 
     </span>
     <span class='ocr_line' id='line_1_7' title="bbox 186 1049 1444 1133; baseline 0.001 -22"><span class='ocrx_word' id='word_1_55' title='bbox 186 1058 258 1112; x_wconf 87' lang='lat' dir='ltr'>tore</span> <span class='ocrx_word' id='word_1_56' title='bbox 273 1050 389 1113; x_wconf 91' lang='lat' dir='ltr'><strong>additis</strong></span> <span class='ocrx_word' id='word_1_57' title='bbox 403 1060 479 1132; x_wconf 86' lang='lat' dir='ltr'>apte</span> <span class='ocrx_word' id='word_1_58' title='bbox 494 1054 670 1114; x_wconf 90' lang='lat' dir='ltr'><strong>sententiae</strong></span> <span class='ocrx_word' id='word_1_59' title='bbox 686 1073 720 1113; x_wconf 91' lang='lat' dir='ltr'><strong>se</strong></span> <span class='ocrx_word' id='word_1_60' title='bbox 736 1052 899 1133; x_wconf 86' lang='lat' dir='ltr'><strong>excipiunt</strong></span> <span class='ocrx_word' id='word_1_61' title='bbox 915 1072 973 1114; x_wconf 90' lang='lat' dir='ltr'><strong>nec</strong></span> <span class='ocrx_word' id='word_1_62' title='bbox 989 1052 1163 1133; x_wconf 83' lang='lat' dir='ltr'>quidquam</span> <span class='ocrx_word' id='word_1_63' title='bbox 1179 1049 1385 1124; x_wconf 89' lang='lat' dir='ltr'><strong>desideratur,</strong></span> <span class='ocrx_word' id='word_1_64' title='bbox 1410 1059 1444 1112; x_wconf 90' lang='lat' dir='ltr'><strong>et</strong></span> 
     </span>
     <span class='ocr_line' id='line_1_8' title="bbox 187 1155 1439 1239; baseline -0.001 -22"><span class='ocrx_word' id='word_1_65' title='bbox 187 1155 276 1234; x_wconf 89' lang='lat' dir='ltr'><strong>quod</strong></span> <span class='ocrx_word' id='word_1_66' title='bbox 298 1155 405 1231; x_wconf 91' lang='lat' dir='ltr'><strong>verba,</strong></span> <span class='ocrx_word' id='word_1_67' title='bbox 430 1176 513 1238; x_wconf 85' lang='lat' dir='ltr'><strong>quae</strong></span> <span class='ocrx_word' id='word_1_68' title='bbox 536 1158 579 1219; x_wconf 91' lang='lat' dir='ltr'><strong>ita</strong></span> <span class='ocrx_word' id='word_1_69' title='bbox 602 1156 805 1239; x_wconf 89' lang='lat' dir='ltr'><strong>compilatori</strong></span> <span class='ocrx_word' id='word_1_70' title='bbox 827 1157 995 1220; x_wconf 90' lang='lat' dir='ltr'><strong>tribuenda</strong></span> <span class='ocrx_word' id='word_1_71' title='bbox 1017 1165 1100 1231; x_wconf 93' lang='lat' dir='ltr'><strong>sunt,</strong></span> <span class='ocrx_word' id='word_1_72' title='bbox 1123 1155 1282 1217; x_wconf 90' lang='lat' dir='ltr'><strong>simillima</strong></span> <span class='ocrx_word' id='word_1_73' title='bbox 1297 1164 1371 1217; x_wconf 90' lang='lat' dir='ltr'><strong>sunt</strong></span> <span class='ocrx_word' id='word_1_74' title='bbox 1386 1157 1439 1229; x_wconf 94' lang='lat' dir='ltr'><strong>eis,</strong></span> 
     </span>
     <span class='ocr_line' id='line_1_9' title="bbox 188 1259 1441 1343; baseline 0 -21"><span class='ocrx_word' id='word_1_75' title='bbox 188 1278 270 1340; x_wconf 93' lang='lat' dir='ltr'><strong>quae</strong></span> <span class='ocrx_word' id='word_1_76' title='bbox 291 1259 382 1323; x_wconf 92' lang='lat' dir='ltr'><strong>Philo</strong></span> <span class='ocrx_word' id='word_1_77' title='bbox 406 1262 447 1323; x_wconf 89' lang='lat' dir='ltr'><strong>de</strong></span> <span class='ocrx_word' id='word_1_78' title='bbox 470 1282 580 1343; x_wconf 84' lang='lat' dir='ltr'><strong>congr.</strong></span> <span class='ocrx_word' id='word_1_79' title='bbox 604 1282 712 1342; x_wconf 90' lang='lat' dir='ltr'><strong>quaer.</strong></span> <span class='ocrx_word' id='word_1_80' title='bbox 735 1262 847 1324; x_wconf 90' lang='lat' dir='ltr'><strong>erudit.</strong></span> <span class='ocrx_word' id='word_1_81' title='bbox 870 1262 972 1342; x_wconf 89' lang='lat' dir='ltr'><strong>gratia</strong></span> <span class='ocrx_word' id='word_1_82' title='bbox 994 1262 1008 1322; x_wconf 93' lang='lat' dir='ltr'>I</span> <span class='ocrx_word' id='word_1_83' title='bbox 1034 1276 1092 1340; x_wconf 85' lang='lat'><strong>523</strong></span> <span class='ocrx_word' id='word_1_84' title='bbox 1124 1261 1164 1322; x_wconf 90' lang='lat' dir='ltr'><strong>de</strong></span> <span class='ocrx_word' id='word_1_85' title='bbox 1194 1269 1346 1340; x_wconf 89' lang='lat' dir='ltr'><strong>corrupto</strong></span> <span class='ocrx_word' id='word_1_86' title='bbox 1374 1280 1441 1322; x_wconf 92' lang='lat' dir='ltr'><strong>sen-</strong></span> 
     </span>
     <span class='ocr_line' id='line_1_10' title="bbox 187 1359 1440 1449; baseline 0.003 -23"><span class='ocrx_word' id='word_1_87' title='bbox 187 1385 281 1427; x_wconf 86' lang='lat' dir='ltr'><strong>suum</strong></span> <span class='ocrx_word' id='word_1_88' title='bbox 318 1367 434 1429; x_wconf 84' lang='lat' dir='ltr'><strong>iudicio</strong></span> <span class='ocrx_word' id='word_1_89' title='bbox 471 1368 561 1428; x_wconf 87' lang='lat' dir='ltr'><strong>dicit:</strong></span> <span class='ocrx_word' id='word_1_90' title='bbox 613 1366 754 1448; x_wconf 76' lang='grc' dir='ltr'><strong>ηὐμνάζει</strong></span> <span class='ocrx_word' id='word_1_91' title='bbox 787 1364 819 1426; x_wconf 68' lang='lat' dir='ltr'><strong>da*</strong></span> <span class='ocrx_word' id='word_1_92' title='bbox 853 1367 933 1444; x_wconf 81' lang='grc' dir='ltr'><em>ἡμᾶς</em></span> <span class='ocrx_word' id='word_1_93' title='bbox 960 1363 1096 1449; x_wconf 75' lang='grc' dir='ltr'><strong>(Ῥαχὴλ)</strong></span> <span class='ocrx_word' id='word_1_94' title='bbox 1126 1403 1168 1412; x_wconf 91' lang='lat'><em>-</em></span> <span class='ocrx_word' id='word_1_95' title='bbox 1195 1359 1315 1430; x_wconf 76' lang='grc' dir='ltr'><strong><em>πάντων</em></strong></span> <span class='ocrx_word' id='word_1_96' title='bbox 1345 1392 1440 1430; x_wconf 83' lang='grc' dir='ltr'><strong><em>κατα-</em></strong></span> 
     </span>
     <span class='ocr_line' id='line_1_11' title="bbox 187 1470 1443 1557; baseline 0.002 -25"><span class='ocrx_word' id='word_1_97' title='bbox 187 1480 373 1553; x_wconf 78' lang='grc' dir='ltr'><strong><em>φρονητικῶς</em></strong></span> <span class='ocrx_word' id='word_1_98' title='bbox 401 1470 477 1551; x_wconf 66' lang='grc' dir='ltr'><strong><em>ἔχειν</em></strong></span> <span class='ocrx_word' id='word_1_99' title='bbox 505 1509 548 1524; x_wconf 88' lang='lat'><strong>-·-</strong></span> <span class='ocrx_word' id='word_1_100' title='bbox 577 1471 596 1530; x_wconf 80' lang='grc' dir='ltr'>ἃ</span> <span class='ocrx_word' id='word_1_101' title='bbox 627 1473 809 1553; x_wconf 75' lang='grc' dir='ltr'><strong><em>περίβλεπτα</em></strong></span> <span class='ocrx_word' id='word_1_102' title='bbox 832 1472 881 1531; x_wconf 79' lang='grc' dir='ltr'><strong>καὶ</strong></span> <span class='ocrx_word' id='word_1_103' title='bbox 905 1471 1094 1552; x_wconf 71' lang='grc' dir='ltr'><em>περιμάχητα</em></span> <span class='ocrx_word' id='word_1_104' title='bbox 1117 1471 1132 1531; x_wconf 84' lang='grc' dir='ltr'>ὁ</span> <span class='ocrx_word' id='word_1_105' title='bbox 1155 1475 1247 1546; x_wconf 80' lang='grc' dir='ltr'><em>πολὺς</em></span> <span class='ocrx_word' id='word_1_106' title='bbox 1269 1473 1443 1557; x_wconf 76' lang='grc' dir='ltr'><strong><em>ἀνθρώπων</em></strong></span> 
     </span>
     <span class='ocr_line' id='line_1_12' title="bbox 188 1567 1444 1662; baseline 0.002 -26"><span class='ocrx_word' id='word_1_107' title='bbox 188 1574 274 1656; x_wconf 80' lang='grc' dir='ltr'><em>ὄχλος</em></span> <span class='ocrx_word' id='word_1_108' title='bbox 306 1578 396 1658; x_wconf 80' lang='grc' dir='ltr'><strong><em>κρίνει</em></strong></span> <span class='ocrx_word' id='word_1_109' title='bbox 420 1576 648 1656; x_wconf 71' lang='grc' dir='ltr'><strong>ὁέὁέκασμίναις</strong></span> <span class='ocrx_word' id='word_1_110' title='bbox 674 1576 730 1655; x_wconf 77' lang='grc' dir='ltr'><strong>μὲν</strong></span> <span class='ocrx_word' id='word_1_111' title='bbox 758 1580 871 1652; x_wconf 80' lang='grc' dir='ltr'><em>ἀκοαῖς,</em></span> <span class='ocrx_word' id='word_1_112' title='bbox 900 1567 1106 1659; x_wconf 64' lang='grc' dir='ltr'><strong><em>ὁαὸεκασμὲνῳ</em></strong></span> <span class='ocrx_word' id='word_1_113' title='bbox 1128 1578 1177 1637; x_wconf 75' lang='grc' dir='ltr'><strong>καὶ</strong></span> <span class='ocrx_word' id='word_1_114' title='bbox 1199 1582 1243 1662; x_wconf 77' lang='grc' dir='ltr'><strong>τῷ</strong></span> <span class='ocrx_word' id='word_1_115' title='bbox 1263 1588 1324 1639; x_wconf 80' lang='grc' dir='ltr'><strong>τῶν</strong></span> <span class='ocrx_word' id='word_1_116' title='bbox 1346 1580 1444 1640; x_wconf 72' lang='grc' dir='ltr'><strong><em>ἄλλων</em></strong></span> 
     </span>
     <span class='ocr_line' id='line_1_13' title="bbox 188 1681 576 1765; baseline 0.003 -23"><span class='ocrx_word' id='word_1_117' title='bbox 188 1681 363 1762; x_wconf 75' lang='grc' dir='ltr'><strong><em>αἰσθήσεων</em></strong></span> <span class='ocrx_word' id='word_1_118' title='bbox 384 1682 576 1765; x_wconf 73' lang='grc' dir='ltr'><em>δικαστηρίῳ.</em></span> 
     </span>
    </p>

    <p class='ocr_par' dir='ltr' id='par_1_3' title="bbox 185 1787 1444 3866">
     <span class='ocr_line' id='line_1_14' title="bbox 272 1787 1442 1876; baseline 0.001 -26"><span class='ocrx_word' id='word_1_119' title='bbox 272 1787 418 1850; x_wconf 88' lang='lat' dir='ltr'><strong>Exordio</strong></span> <span class='ocrx_word' id='word_1_120' title='bbox 439 1789 586 1876; x_wconf 87' lang='lat' dir='ltr'><strong>restituto</strong></span> <span class='ocrx_word' id='word_1_121' title='bbox 609 1789 650 1850; x_wconf 92' lang='lat' dir='ltr'><strong>ad</strong></span> <span class='ocrx_word' id='word_1_122' title='bbox 672 1789 807 1851; x_wconf 90' lang='lat' dir='ltr'><strong>alteram</strong></span> <span class='ocrx_word' id='word_1_123' title='bbox 824 1788 894 1850; x_wconf 82' lang='lat' dir='ltr'>libri</span> <span class='ocrx_word' id='word_1_124' title='bbox 908 1797 1043 1869; x_wconf 90' lang='lat' dir='ltr'><strong>partem,</strong></span> <span class='ocrx_word' id='word_1_125' title='bbox 1061 1808 1124 1871; x_wconf 91' lang='lat' dir='ltr'><strong>qua</strong></span> <span class='ocrx_word' id='word_1_126' title='bbox 1139 1791 1276 1870; x_wconf 88' lang='lat' dir='ltr'><strong>scriptor</strong></span> <span class='ocrx_word' id='word_1_127' title='bbox 1291 1790 1442 1871; x_wconf 90' lang='lat' dir='ltr'><strong>exempla</strong></span> 
     </span>
     <span class='ocr_line' id='line_1_15' title="bbox 187 1891 1442 1979; baseline 0.002 -25"><span class='ocrx_word' id='word_1_128' title='bbox 187 1892 340 1955; x_wconf 86' lang='lat' dir='ltr'><strong>contineri</strong></span> <span class='ocrx_word' id='word_1_129' title='bbox 355 1892 432 1968; x_wconf 90' lang='lat' dir='ltr'><strong>vult,</strong></span> <span class='ocrx_word' id='word_1_130' title='bbox 449 1893 649 1967; x_wconf 88' lang='lat' dir='ltr'><strong>accedamus,</strong></span> <span class='ocrx_word' id='word_1_131' title='bbox 667 1914 740 1956; x_wconf 93' lang='lat' dir='ltr'><strong>cum</strong></span> <span class='ocrx_word' id='word_1_132' title='bbox 757 1894 830 1955; x_wconf 93' lang='lat' dir='ltr'><strong>inde</strong></span> <span class='ocrx_word' id='word_1_133' title='bbox 846 1891 1086 1974; x_wconf 88' lang='lat' dir='ltr'><strong>proficiscentes</strong></span> <span class='ocrx_word' id='word_1_134' title='bbox 1102 1895 1305 1979; x_wconf 86' lang='lat' dir='ltr'><strong>commodius</strong></span> <span class='ocrx_word' id='word_1_135' title='bbox 1321 1895 1442 1956; x_wconf 92' lang='lat' dir='ltr'><strong>nodum</strong></span> 
     </span>
     <span class='ocr_line' id='line_1_16' title="bbox 189 1997 1441 2081; baseline 0.001 -22"><span class='ocrx_word' id='word_1_136' title='bbox 189 1998 367 2060; x_wconf 87' lang='lat' dir='ltr'><strong>exsoluturi</strong></span> <span class='ocrx_word' id='word_1_137' title='bbox 390 2018 461 2060; x_wconf 91' lang='lat' dir='ltr'><strong>esse</strong></span> <span class='ocrx_word' id='word_1_138' title='bbox 485 1997 577 2060; x_wconf 92' lang='lat' dir='ltr'><strong>nobis</strong></span> <span class='ocrx_word' id='word_1_139' title='bbox 598 1999 773 2073; x_wconf 91' lang='lat' dir='ltr'><strong>videamur,</strong></span> <span class='ocrx_word' id='word_1_140' title='bbox 789 2018 887 2079; x_wconf 92' lang='lat' dir='ltr'><strong>quam</strong></span> <span class='ocrx_word' id='word_1_141' title='bbox 902 1999 928 2060; x_wconf 93' lang='lat' dir='ltr'><strong>si</strong></span> <span class='ocrx_word' id='word_1_142' title='bbox 943 2007 1037 2060; x_wconf 90' lang='lat' dir='ltr'><strong>antea</strong></span> <span class='ocrx_word' id='word_1_143' title='bbox 1052 1998 1192 2078; x_wconf 89' lang='lat' dir='ltr'><strong>priorem</strong></span> <span class='ocrx_word' id='word_1_144' title='bbox 1206 2010 1341 2081; x_wconf 89' lang='lat' dir='ltr'><strong>partem,</strong></span> <span class='ocrx_word' id='word_1_145' title='bbox 1359 2019 1441 2079; x_wconf 93' lang='lat' dir='ltr'><strong>quae</strong></span> 
     </span>
     <span class='ocr_line' id='line_1_17' title="bbox 187 2103 1442 2186; baseline 0.002 -22"><span class='ocrx_word' id='word_1_146' title='bbox 187 2112 378 2182; x_wconf 89' lang='lat' dir='ltr'><strong>argumenta</strong></span> <span class='ocrx_word' id='word_1_147' title='bbox 403 2104 547 2166; x_wconf 90' lang='lat' dir='ltr'><strong>continet</strong></span> <span class='ocrx_word' id='word_1_148' title='bbox 574 2124 617 2164; x_wconf 89' lang='lat' dir='ltr'><strong>ex</strong></span> <span class='ocrx_word' id='word_1_149' title='bbox 647 2123 680 2164; x_wconf 94' lang='lat' dir='ltr'><strong>re</strong></span> <span class='ocrx_word' id='word_1_150' title='bbox 707 2103 776 2183; x_wconf 90' lang='lat' dir='ltr'><strong>ipsa</strong></span> <span class='ocrx_word' id='word_1_151' title='bbox 806 2105 912 2176; x_wconf 89' lang='lat' dir='ltr'><strong>ducta,</strong></span> <span class='ocrx_word' id='word_1_152' title='bbox 943 2103 1151 2183; x_wconf 80' lang='lat' dir='ltr'><strong>explicemus,</strong></span> <span class='ocrx_word' id='word_1_153' title='bbox 1182 2141 1225 2150; x_wconf 90' lang='lat'>—</span> <span class='ocrx_word' id='word_1_154' title='bbox 1252 2104 1317 2167; x_wconf 91' lang='lat' dir='ltr'><strong>Ubi</strong></span> <span class='ocrx_word' id='word_1_155' title='bbox 1347 2106 1442 2186; x_wconf 89' lang='lat' dir='ltr'><strong>igitur</strong></span> 
     </span>
     <span class='ocr_line' id='line_1_18' title="bbox 187 2208 1443 2289; baseline -0.001 -19"><span class='ocrx_word' id='word_1_156' title='bbox 187 2209 372 2288; x_wconf 88' lang='lat' dir='ltr'><strong>expositum</strong></span> <span class='ocrx_word' id='word_1_157' title='bbox 400 2218 458 2282; x_wconf 92' lang='lat' dir='ltr'><strong>est,</strong></span> <span class='ocrx_word' id='word_1_158' title='bbox 491 2229 548 2270; x_wconf 90' lang='lat' dir='ltr'><strong>cur</strong></span> <span class='ocrx_word' id='word_1_159' title='bbox 575 2216 642 2270; x_wconf 92' lang='lat' dir='ltr'><strong>tam</strong></span> <span class='ocrx_word' id='word_1_160' title='bbox 672 2228 790 2289; x_wconf 91' lang='lat' dir='ltr'><strong>parvus</strong></span> <span class='ocrx_word' id='word_1_161' title='bbox 817 2208 858 2270; x_wconf 88' lang='lat' dir='ltr'><strong>sit</strong></span> <span class='ocrx_word' id='word_1_162' title='bbox 878 2228 1029 2282; x_wconf 89' lang='lat' dir='ltr'><strong>numerus</strong></span> <span class='ocrx_word' id='word_1_163' title='bbox 1052 2209 1211 2282; x_wconf 88' lang='lat' dir='ltr'><strong>bonorum</strong></span> <span class='ocrx_word' id='word_1_164' title='bbox 1234 2211 1383 2284; x_wconf 91' lang='lat' dir='ltr'><strong>virorum,</strong></span> <span class='ocrx_word' id='word_1_165' title='bbox 1408 2210 1443 2269; x_wconf 83' lang='grc' dir='ltr'><strong>τὸ</strong></span> 
     </span>
     <span class='ocr_line' id='line_1_19' title="bbox 189 2312 1440 2396; baseline 0.002 -23"><span class='ocrx_word' id='word_1_166' title='bbox 189 2313 286 2394; x_wconf 77' lang='grc' dir='ltr'><em>ὀλίγον</em></span> <span class='ocrx_word' id='word_1_167' title='bbox 308 2312 463 2376; x_wconf 86' lang='lat' dir='ltr'><strong>adfertur:</strong></span> <span class='ocrx_word' id='word_1_168' title='bbox 484 2322 583 2375; x_wconf 89' lang='lat' dir='ltr'><strong>testes</strong></span> <span class='ocrx_word' id='word_1_169' title='bbox 606 2314 743 2375; x_wconf 87' lang='lat' dir='ltr'><strong>citantur</strong></span> <span class='ocrx_word' id='word_1_170' title='bbox 765 2323 900 2394; x_wconf 82' lang='lat' dir='ltr'><strong>septem,</strong></span> <span class='ocrx_word' id='word_1_171' title='bbox 924 2333 1006 2393; x_wconf 88' lang='lat' dir='ltr'><strong>quos</strong></span> <span class='ocrx_word' id='word_1_172' title='bbox 1021 2312 1155 2376; x_wconf 84' lang='lat' dir='ltr'><strong>Graecia</strong></span> <span class='ocrx_word' id='word_1_173' title='bbox 1172 2315 1252 2387; x_wconf 89' lang='lat' dir='ltr'><strong>tulit,</strong></span> <span class='ocrx_word' id='word_1_174' title='bbox 1270 2317 1440 2396; x_wconf 88' lang='lat' dir='ltr'><strong>sapientes,</strong></span> 
     </span>
     <span class='ocr_line' id='line_1_20' title="bbox 186 2419 1441 2501; baseline 0.002 -21"><span class='ocrx_word' id='word_1_175' title='bbox 186 2439 251 2480; x_wconf 91' lang='lat' dir='ltr'><strong>non</strong></span> <span class='ocrx_word' id='word_1_176' title='bbox 274 2420 351 2499; x_wconf 93' lang='lat' dir='ltr'><strong>quin</strong></span> <span class='ocrx_word' id='word_1_177' title='bbox 371 2420 478 2500; x_wconf 89' lang='lat' dir='ltr'><strong>plures</strong></span> <span class='ocrx_word' id='word_1_178' title='bbox 500 2419 626 2482; x_wconf 91' lang='lat' dir='ltr'><strong>tulisset</strong></span> <span class='ocrx_word' id='word_1_179' title='bbox 647 2427 681 2480; x_wconf 89' lang='lat' dir='ltr'><strong>et</strong></span> <span class='ocrx_word' id='word_1_180' title='bbox 702 2428 776 2481; x_wconf 89' lang='lat' dir='ltr'><strong>ante</strong></span> <span class='ocrx_word' id='word_1_181' title='bbox 799 2427 833 2480; x_wconf 91' lang='lat' dir='ltr'><strong>et</strong></span> <span class='ocrx_word' id='word_1_182' title='bbox 854 2428 930 2501; x_wconf 92' lang='lat' dir='ltr'><strong>post</strong></span> <span class='ocrx_word' id='word_1_183' title='bbox 946 2419 1026 2493; x_wconf 92' lang='lat' dir='ltr'><strong>illos,</strong></span> <span class='ocrx_word' id='word_1_184' title='bbox 1049 2420 1106 2481; x_wconf 89' lang='lat' dir='ltr'><strong>sed</strong></span> <span class='ocrx_word' id='word_1_185' title='bbox 1122 2420 1238 2481; x_wconf 90' lang='lat' dir='ltr'><strong>horum</strong></span> <span class='ocrx_word' id='word_1_186' title='bbox 1254 2421 1441 2482; x_wconf 87' lang='lat' dir='ltr'><strong>memoriam</strong></span> 
     </span>
     <span class='ocr_line' id='line_1_21' title="bbox 186 2524 1442 2610; baseline 0.001 -24"><span class='ocrx_word' id='word_1_187' title='bbox 186 2533 242 2586; x_wconf 90' lang='lat' dir='ltr'><strong>aut</strong></span> <span class='ocrx_word' id='word_1_188' title='bbox 263 2524 363 2606; x_wconf 91' lang='lat' dir='ltr'><strong>longo</strong></span> <span class='ocrx_word' id='word_1_189' title='bbox 385 2533 532 2605; x_wconf 89' lang='lat' dir='ltr'><strong>tempore</strong></span> <span class='ocrx_word' id='word_1_190' title='bbox 556 2525 756 2587; x_wconf 89' lang='lat' dir='ltr'><strong>obliteratam</strong></span> <span class='ocrx_word' id='word_1_191' title='bbox 779 2525 894 2610; x_wconf 65' lang='lat' dir='ltr'><strong>esseJ),</strong></span> <span class='ocrx_word' id='word_1_192' title='bbox 918 2533 974 2586; x_wconf 91' lang='lat' dir='ltr'><strong>aut</strong></span> <span class='ocrx_word' id='word_1_193' title='bbox 988 2525 1202 2588; x_wconf 87' lang='lat' dir='ltr'><strong>invalescente</strong></span> <span class='ocrx_word' id='word_1_194' title='bbox 1217 2546 1338 2599; x_wconf 89' lang='lat' dir='ltr'><strong>eorum,</strong></span> <span class='ocrx_word' id='word_1_195' title='bbox 1355 2526 1442 2607; x_wconf 89' lang='lat' dir='ltr'><strong>apud</strong></span> 
     </span>
     <span class='ocr_line' id='line_1_22' title="bbox 187 2629 1442 2711; baseline 0.001 -21"><span class='ocrx_word' id='word_1_196' title='bbox 187 2650 270 2711; x_wconf 88' lang='lat' dir='ltr'><strong>quos</strong></span> <span class='ocrx_word' id='word_1_197' title='bbox 292 2629 410 2703; x_wconf 89' lang='lat' dir='ltr'><strong>vivant,</strong></span> <span class='ocrx_word' id='word_1_198' title='bbox 441 2629 644 2711; x_wconf 87' lang='lat' dir='ltr'><strong>neglegentia</strong></span> <span class='ocrx_word' id='word_1_199' title='bbox 673 2630 781 2704; x_wconf 82' lang='lat' dir='ltr'><strong>obrui3</strong></span> <span class='ocrx_word' id='word_1_200' title='bbox 809 2650 851 2691; x_wconf 88' lang='lat' dir='ltr'><strong>ex</strong></span> <span class='ocrx_word' id='word_1_201' title='bbox 873 2630 976 2691; x_wconf 89' lang='lat' dir='ltr'><strong>Persis</strong></span> <span class='ocrx_word' id='word_1_202' title='bbox 1005 2631 1142 2693; x_wconf 90' lang='lat' dir='ltr'><strong>citantur</strong></span> <span class='ocrx_word' id='word_1_203' title='bbox 1163 2631 1261 2711; x_wconf 85' lang='lat' dir='ltr'><strong>Magi,</strong></span> <span class='ocrx_word' id='word_1_204' title='bbox 1292 2651 1333 2693; x_wconf 89' lang='lat' dir='ltr'><strong>ex</strong></span> <span class='ocrx_word' id='word_1_205' title='bbox 1356 2630 1442 2692; x_wconf 89' lang='lat' dir='ltr'><strong>Indis</strong></span> 
     </span>
     <span class='ocr_line' id='line_1_23' title="bbox 186 2733 1443 2817; baseline -0.002 -21"><span class='ocrx_word' id='word_1_206' title='bbox 186 2733 485 2816; x_wconf 90' lang='lat' dir='ltr'><strong>Gymnosophistae</strong></span> <span class='ocrx_word' id='word_1_207' title='bbox 509 2735 641 2816; x_wconf 85' lang='lat' dir='ltr'><strong>(Essaei)</strong></span> <span class='ocrx_word' id='word_1_208' title='bbox 666 2734 814 2796; x_wconf 88' lang='lat' dir='ltr'><strong>Calanus.</strong></span> <span class='ocrx_word' id='word_1_209' title='bbox 859 2735 983 2796; x_wconf 91' lang='lat' dir='ltr'><strong>Deinde</strong></span> <span class='ocrx_word' id='word_1_210' title='bbox 1013 2745 1144 2815; x_wconf 79' lang='grc' dir='ltr'><em>ποιητῶν</em></span> <span class='ocrx_word' id='word_1_211' title='bbox 1173 2736 1222 2796; x_wconf 81' lang='grc' dir='ltr'><strong>καὶ</strong></span> <span class='ocrx_word' id='word_1_212' title='bbox 1249 2734 1443 2817; x_wconf 72' lang='grc' dir='ltr'><strong><em>σαηηραηίων</em></strong></span> 
     </span>
     <span class='ocr_line' id='line_1_24' title="bbox 186 2839 1442 2923; baseline 0.001 -22"><span class='ocrx_word' id='word_1_213' title='bbox 186 2839 370 2902; x_wconf 88' lang='lat' dir='ltr'><strong>testimonia</strong></span> <span class='ocrx_word' id='word_1_214' title='bbox 398 2839 583 2902; x_wconf 81' lang='lat' dir='ltr'><strong>adferuntur</strong></span> <span class='ocrx_word' id='word_1_215' title='bbox 611 2841 662 2902; x_wconf 90' lang='lat' dir='ltr'><strong>vel</strong></span> <span class='ocrx_word' id='word_1_216' title='bbox 690 2841 798 2921; x_wconf 90' lang='lat' dir='ltr'><strong>potius</strong></span> <span class='ocrx_word' id='word_1_217' title='bbox 827 2841 918 2902; x_wconf 93' lang='lat' dir='ltr'><strong>unius</strong></span> <span class='ocrx_word' id='word_1_218' title='bbox 941 2841 1101 2923; x_wconf 91' lang='lat' dir='ltr'><strong>Euripidis</strong></span> <span class='ocrx_word' id='word_1_219' title='bbox 1130 2843 1358 2916; x_wconf 89' lang='lat' dir='ltr'><strong>testimonium,</strong></span> <span class='ocrx_word' id='word_1_220' title='bbox 1389 2842 1442 2922; x_wconf 94' lang='lat' dir='ltr'><strong>qui</strong></span> 
     </span>
     <span class='ocr_line' id='line_1_25' title="bbox 185 2943 1442 3030; baseline 0.002 -24"><span class='ocrx_word' id='word_1_221' title='bbox 185 2945 217 3006; x_wconf 95' lang='lat' dir='ltr'><strong>in</strong></span> <span class='ocrx_word' id='word_1_222' title='bbox 240 2943 340 3025; x_wconf 86' lang='lat' dir='ltr'><strong>Syleo</strong></span> <span class='ocrx_word' id='word_1_223' title='bbox 365 2944 472 3007; x_wconf 86' lang='lat' dir='ltr'><strong>sabula</strong></span> <span class='ocrx_word' id='word_1_224' title='bbox 502 2946 676 3008; x_wconf 92' lang='lat' dir='ltr'><strong>Herculem</strong></span> <span class='ocrx_word' id='word_1_225' title='bbox 705 2946 824 3008; x_wconf 92' lang='lat' dir='ltr'><strong>inducit</strong></span> <span class='ocrx_word' id='word_1_226' title='bbox 847 2943 998 3025; x_wconf 85' lang='lat' dir='ltr'><strong>Syleum,</strong></span> <span class='ocrx_word' id='word_1_227' title='bbox 1034 2949 1122 3008; x_wconf 88' lang='lat' dir='ltr'><strong>cuius</strong></span> <span class='ocrx_word' id='word_1_228' title='bbox 1155 2967 1213 3028; x_wconf 90' lang='lat' dir='ltr'><strong>per</strong></span> <span class='ocrx_word' id='word_1_229' title='bbox 1245 2948 1442 3030; x_wconf 90' lang='lat' dir='ltr'><strong>emptionem</strong></span> 
     </span>
     <span class='ocr_line' id='line_1_26' title="bbox 186 3050 1443 3132; baseline 0.001 -21"><span class='ocrx_word' id='word_1_230' title='bbox 186 3070 296 3112; x_wconf 89' lang='lat' dir='ltr'><strong>servus</strong></span> <span class='ocrx_word' id='word_1_231' title='bbox 319 3050 364 3123; x_wconf 88' lang='lat' dir='ltr'><strong>fit,</strong></span> <span class='ocrx_word' id='word_1_232' title='bbox 388 3052 476 3112; x_wconf 94' lang='lat' dir='ltr'><strong>omni</strong></span> <span class='ocrx_word' id='word_1_233' title='bbox 494 3051 592 3113; x_wconf 95' lang='lat' dir='ltr'><strong>modo</strong></span> <span class='ocrx_word' id='word_1_234' title='bbox 616 3051 807 3113; x_wconf 90' lang='lat' dir='ltr'><strong>irridentem.</strong></span> <span class='ocrx_word' id='word_1_235' title='bbox 853 3050 926 3111; x_wconf 93' lang='lat' dir='ltr'><strong>Huc</strong></span> <span class='ocrx_word' id='word_1_236' title='bbox 949 3071 1050 3131; x_wconf 92' lang='lat' dir='ltr'><strong>usque</strong></span> <span class='ocrx_word' id='word_1_237' title='bbox 1073 3053 1182 3113; x_wconf 90' lang='lat' dir='ltr'><strong>omnia</strong></span> <span class='ocrx_word' id='word_1_238' title='bbox 1202 3061 1277 3114; x_wconf 88' lang='lat' dir='ltr'><strong>sunt</strong></span> <span class='ocrx_word' id='word_1_239' title='bbox 1298 3051 1394 3132; x_wconf 93' lang='lat' dir='ltr'><strong>plana</strong></span> <span class='ocrx_word' id='word_1_240' title='bbox 1410 3060 1443 3112; x_wconf 91' lang='lat' dir='ltr'><strong>et</strong></span> 
     </span>
     <span class='ocr_line' id='line_1_27' title="bbox 185 3154 1439 3237; baseline 0 -21"><span class='ocrx_word' id='word_1_241' title='bbox 185 3163 271 3236; x_wconf 84' lang='lat' dir='ltr'><strong>apta,</strong></span> <span class='ocrx_word' id='word_1_242' title='bbox 296 3175 378 3228; x_wconf 92' lang='lat' dir='ltr'><strong>cum,</strong></span> <span class='ocrx_word' id='word_1_243' title='bbox 403 3174 487 3234; x_wconf 87' lang='lat' dir='ltr'><strong>quae</strong></span> <span class='ocrx_word' id='word_1_244' title='bbox 501 3165 686 3235; x_wconf 91' lang='lat' dir='ltr'><strong>sequuntur,</strong></span> <span class='ocrx_word' id='word_1_245' title='bbox 708 3154 796 3217; x_wconf 94' lang='lat' dir='ltr'><strong>nullo</strong></span> <span class='ocrx_word' id='word_1_246' title='bbox 813 3156 912 3217; x_wconf 91' lang='lat' dir='ltr'><strong>modo</strong></span> <span class='ocrx_word' id='word_1_247' title='bbox 927 3157 1131 3218; x_wconf 87' lang='lat' dir='ltr'><strong>accomodari</strong></span> <span class='ocrx_word' id='word_1_248' title='bbox 1148 3157 1281 3237; x_wconf 91' lang='lat' dir='ltr'><strong>possint.</strong></span> <span class='ocrx_word' id='word_1_249' title='bbox 1319 3157 1439 3218; x_wconf 90' lang='lat' dir='ltr'><strong>Iterum</strong></span> 
     </span>
     <span class='ocr_line' id='line_1_28' title="bbox 186 3260 1441 3342; baseline 0.002 -22"><span class='ocrx_word' id='word_1_250' title='bbox 186 3261 272 3321; x_wconf 92' lang='lat' dir='ltr'><strong>enim</strong></span> <span class='ocrx_word' id='word_1_251' title='bbox 306 3270 530 3341; x_wconf 90' lang='lat' dir='ltr'><strong>proponuntur</strong></span> <span class='ocrx_word' id='word_1_252' title='bbox 562 3260 730 3342; x_wconf 84' lang='lat' dir='ltr'><strong>exempla,</strong></span> <span class='ocrx_word' id='word_1_253' title='bbox 765 3280 848 3340; x_wconf 88' lang='lat' dir='ltr'><strong>quae</strong></span> <span class='ocrx_word' id='word_1_254' title='bbox 881 3281 954 3322; x_wconf 93' lang='lat' dir='ltr'><strong>cum</strong></span> <span class='ocrx_word' id='word_1_255' title='bbox 988 3269 1099 3322; x_wconf 89' lang='lat' dir='ltr'><strong>contra</strong></span> <span class='ocrx_word' id='word_1_256' title='bbox 1132 3281 1262 3323; x_wconf 94' lang='lat' dir='ltr'><strong>omnem</strong></span> <span class='ocrx_word' id='word_1_257' title='bbox 1296 3262 1441 3324; x_wconf 88' lang='lat' dir='ltr'><strong>ordinem</strong></span> 
     </span>
     <span class='ocr_line' id='line_1_29' title="bbox 186 3365 1442 3447; baseline 0.001 -19"><span class='ocrx_word' id='word_1_258' title='bbox 186 3366 295 3429; x_wconf 93' lang='lat' dir='ltr'><strong>addita</strong></span> <span class='ocrx_word' id='word_1_259' title='bbox 317 3376 400 3440; x_wconf 89' lang='lat' dir='ltr'><strong>sunt,</strong></span> <span class='ocrx_word' id='word_1_260' title='bbox 423 3385 496 3427; x_wconf 92' lang='lat' dir='ltr'><strong>cum</strong></span> <span class='ocrx_word' id='word_1_261' title='bbox 519 3385 615 3446; x_wconf 91' lang='lat' dir='ltr'><strong>supra</strong></span> <span class='ocrx_word' id='word_1_262' title='bbox 637 3365 679 3427; x_wconf 89' lang='lat' dir='ltr'><strong>ab</strong></span> <span class='ocrx_word' id='word_1_263' title='bbox 701 3365 859 3446; x_wconf 88' lang='lat' dir='ltr'><strong>exemplis</strong></span> <span class='ocrx_word' id='word_1_264' title='bbox 881 3367 922 3428; x_wconf 92' lang='lat' dir='ltr'><strong>ad</strong></span> <span class='ocrx_word' id='word_1_265' title='bbox 944 3365 1128 3428; x_wconf 90' lang='lat' dir='ltr'><strong>testimonia</strong></span> <span class='ocrx_word' id='word_1_266' title='bbox 1150 3376 1319 3447; x_wconf 91' lang='lat' dir='ltr'><strong>poetarum</strong></span> <span class='ocrx_word' id='word_1_267' title='bbox 1342 3377 1442 3430; x_wconf 88' lang='lat' dir='ltr'><strong>trans-</strong></span> 
     </span>
     <span class='ocr_line' id='line_1_30' title="bbox 189 3470 1444 3553; baseline 0 -21"><span class='ocrx_word' id='word_1_268' title='bbox 189 3471 253 3533; x_wconf 90' lang='lat' dir='ltr'><strong>itus</strong></span> <span class='ocrx_word' id='word_1_269' title='bbox 283 3470 385 3534; x_wconf 82' lang='lat' dir='ltr'><strong>factus</strong></span> <span class='ocrx_word' id='word_1_270' title='bbox 417 3470 473 3545; x_wconf 91' lang='lat' dir='ltr'><strong>sit,</strong></span> <span class='ocrx_word' id='word_1_271' title='bbox 510 3480 578 3533; x_wconf 89' lang='lat' dir='ltr'><strong>tum</strong></span> <span class='ocrx_word' id='word_1_272' title='bbox 608 3470 650 3533; x_wconf 92' lang='lat' dir='ltr'><strong>ab</strong></span> <span class='ocrx_word' id='word_1_273' title='bbox 681 3471 726 3545; x_wconf 89' lang='lat' dir='ltr'><strong>iis,</strong></span> <span class='ocrx_word' id='word_1_274' title='bbox 757 3490 840 3550; x_wconf 90' lang='lat' dir='ltr'><strong>quae</strong></span> <span class='ocrx_word' id='word_1_275' title='bbox 870 3480 944 3532; x_wconf 88' lang='lat' dir='ltr'><strong>ante</strong></span> <span class='ocrx_word' id='word_1_276' title='bbox 971 3481 1151 3533; x_wconf 90' lang='lat' dir='ltr'><strong>memorata</strong></span> <span class='ocrx_word' id='word_1_277' title='bbox 1174 3482 1255 3547; x_wconf 92' lang='lat' dir='ltr'><strong>sunt,</strong></span> <span class='ocrx_word' id='word_1_278' title='bbox 1286 3472 1444 3553; x_wconf 88' lang='lat' dir='ltr'><strong>exemplis</strong></span> 
     </span>
     <span class='ocr_line' id='line_1_31' title="bbox 187 3573 1441 3658; baseline 0.002 -22"><span class='ocrx_word' id='word_1_279' title='bbox 187 3596 320 3656; x_wconf 92' lang='lat' dir='ltr'><strong>prorsus</strong></span> <span class='ocrx_word' id='word_1_280' title='bbox 341 3575 453 3638; x_wconf 87' lang='lat' dir='ltr'><strong>aliena.</strong></span> <span class='ocrx_word' id='word_1_281' title='bbox 500 3573 618 3637; x_wconf 90' lang='lat' dir='ltr'><strong>Omnia</strong></span> <span class='ocrx_word' id='word_1_282' title='bbox 640 3575 724 3637; x_wconf 89' lang='lat' dir='ltr'><strong>enim</strong></span> <span class='ocrx_word' id='word_1_283' title='bbox 747 3596 765 3636; x_wconf 91' lang='lat' dir='ltr'><strong>e</strong></span> <span class='ocrx_word' id='word_1_284' title='bbox 789 3573 920 3637; x_wconf 89' lang='lat' dir='ltr'><strong>Graecis</strong></span> <span class='ocrx_word' id='word_1_285' title='bbox 942 3585 1016 3638; x_wconf 89' lang='lat' dir='ltr'><strong>sunt</strong></span> <span class='ocrx_word' id='word_1_286' title='bbox 1038 3586 1176 3657; x_wconf 92' lang='lat' dir='ltr'><strong>sumpta,</strong></span> <span class='ocrx_word' id='word_1_287' title='bbox 1204 3596 1302 3658; x_wconf 90' lang='lat' dir='ltr'><strong>supra</strong></span> <span class='ocrx_word' id='word_1_288' title='bbox 1323 3586 1441 3650; x_wconf 92' lang='lat' dir='ltr'><strong>autem,</strong></span> 
     </span>
     <span class='ocr_line' id='line_1_32' title="bbox 187 3681 1443 3762; baseline -0.002 -17"><span class='ocrx_word' id='word_1_289' title='bbox 187 3702 261 3746; x_wconf 91' lang='lat' dir='ltr'><strong>cum</strong></span> <span class='ocrx_word' id='word_1_290' title='bbox 283 3690 409 3762; x_wconf 90' lang='lat' dir='ltr'><strong>septem</strong></span> <span class='ocrx_word' id='word_1_291' title='bbox 432 3681 591 3762; x_wconf 90' lang='lat' dir='ltr'><strong>sapientes</strong></span> <span class='ocrx_word' id='word_1_292' title='bbox 615 3690 878 3754; x_wconf 85' lang='lat' dir='ltr'><strong>memorarentur,</strong></span> <span class='ocrx_word' id='word_1_293' title='bbox 902 3700 1056 3762; x_wconf 86' lang='lat' dir='ltr'><strong>expresse</strong></span> <span class='ocrx_word' id='word_1_294' title='bbox 1078 3690 1230 3761; x_wconf 91' lang='lat' dir='ltr'><strong>negatum</strong></span> <span class='ocrx_word' id='word_1_295' title='bbox 1247 3691 1297 3743; x_wconf 91' lang='lat' dir='ltr'><strong>est</strong></span> <span class='ocrx_word' id='word_1_296' title='bbox 1315 3690 1443 3762; x_wconf 87' lang='lat' dir='ltr'><strong>praeter</strong></span> 
     </span>
     <span class='ocr_line' id='line_1_33' title="bbox 186 3783 1443 3866; baseline 0 -18"><span class='ocrx_word' id='word_1_297' title='bbox 186 3786 259 3849; x_wconf 90' lang='lat' dir='ltr'><strong>illos</strong></span> <span class='ocrx_word' id='word_1_298' title='bbox 291 3786 371 3849; x_wconf 90' lang='lat' dir='ltr'><strong>alios</strong></span> <span class='ocrx_word' id='word_1_299' title='bbox 407 3806 425 3846; x_wconf 93' lang='lat' dir='ltr'><strong>e</strong></span> <span class='ocrx_word' id='word_1_300' title='bbox 455 3784 585 3848; x_wconf 92' lang='lat' dir='ltr'><strong>Graecis</strong></span> <span class='ocrx_word' id='word_1_301' title='bbox 616 3787 803 3848; x_wconf 91' lang='lat' dir='ltr'><strong>nominatim</strong></span> <span class='ocrx_word' id='word_1_302' title='bbox 833 3805 929 3866; x_wconf 90' lang='lat' dir='ltr'><strong>posse</strong></span> <span class='ocrx_word' id='word_1_303' title='bbox 959 3783 1090 3858; x_wconf 86' lang='lat' dir='ltr'><strong>adferri,</strong></span> <span class='ocrx_word' id='word_1_304' title='bbox 1121 3795 1156 3847; x_wconf 92' lang='lat' dir='ltr'><strong>ut</strong></span> <span class='ocrx_word' id='word_1_305' title='bbox 1185 3789 1363 3848; x_wconf 88' lang='lat' dir='ltr'><strong>necessario</strong></span> <span class='ocrx_word' id='word_1_306' title='bbox 1393 3785 1443 3848; x_wconf 92' lang='lat' dir='ltr'><strong>his</strong></span> 
     </span>
    </p>
   </div>
   <div class='ocr_carea' id='block_1_3' title="bbox 111 3976 1443 4413">
    <p class='ocr_par' dir='ltr' id='par_1_4' title="bbox 111 3976 1443 4413">
     <span class='ocr_line' id='line_1_34' title="bbox 273 3976 1442 4062; baseline -0.001 -22"><span class='ocrx_word' id='word_1_307' title='bbox 273 3988 294 4050; x_wconf 75' lang='lat'><strong>¹)</strong></span> <span class='ocrx_word' id='word_1_308' title='bbox 319 3993 366 4041; x_wconf 84' lang='grc' dir='ltr'><strong>καὶ</strong></span> <span class='ocrx_word' id='word_1_309' title='bbox 390 3983 482 4043; x_wconf 72' lang='grc' dir='ltr'><strong><em>ἄλλων</em></strong></span> <span class='ocrx_word' id='word_1_310' title='bbox 506 3986 645 4060; x_wconf 81' lang='grc' dir='ltr'><strong><em>πρότερον</em></strong></span> <span class='ocrx_word' id='word_1_311' title='bbox 669 3992 716 4041; x_wconf 83' lang='grc' dir='ltr'><strong>καὶ</strong></span> <span class='ocrx_word' id='word_1_312' title='bbox 740 3984 823 4048; x_wconf 61' lang='grc' dir='ltr'><strong><em>αὖθις</em></strong></span> <span class='ocrx_word' id='word_1_313' title='bbox 848 3985 884 4048; x_wconf 82' lang='grc' dir='ltr'><strong>ὠς</strong></span> <span class='ocrx_word' id='word_1_314' title='bbox 907 3976 993 4054; x_wconf 79' lang='grc' dir='ltr'><strong><em>εἰκὸς,</em></strong></span> <span class='ocrx_word' id='word_1_315' title='bbox 1022 3985 1217 4059; x_wconf 73' lang='grc' dir='ltr'><em>ἀκμασάντων,</em></span> <span class='ocrx_word' id='word_1_316' title='bbox 1246 3977 1317 4054; x_wconf 84' lang='grc' dir='ltr'><strong>ὧνή</strong></span> <span class='ocrx_word' id='word_1_317' title='bbox 1337 3987 1442 4062; x_wconf 78' lang='grc' dir='ltr'><strong>μνήμη,</strong></span> 
     </span>
     <span class='ocr_line' id='line_1_35' title="bbox 186 4073 1443 4150; baseline 0.001 -22"><span class='ocrx_word' id='word_1_318' title='bbox 186 4079 377 4150; x_wconf 79' lang='grc' dir='ltr'><strong><em>παλαιοτέρων</em></strong></span> <span class='ocrx_word' id='word_1_319' title='bbox 394 4079 449 4148; x_wconf 77' lang='grc' dir='ltr'><strong>μὲν</strong></span> <span class='ocrx_word' id='word_1_320' title='bbox 467 4073 557 4132; x_wconf 82' lang='grc' dir='ltr'><strong><em>ὄντων</em></strong></span> <span class='ocrx_word' id='word_1_321' title='bbox 575 4075 653 4150; x_wconf 82' lang='grc' dir='ltr'><em>μήκει</em></span> <span class='ocrx_word' id='word_1_322' title='bbox 669 4075 781 4148; x_wconf 77' lang='grc' dir='ltr'><strong><em>χρόνων</em></strong></span> <span class='ocrx_word' id='word_1_323' title='bbox 792 4094 854 4139; x_wconf 81' lang='lat' dir='ltr'><strong>non,</strong></span> <span class='ocrx_word' id='word_1_324' title='bbox 875 4077 945 4142; x_wconf 90' lang='lat' dir='ltr'><strong>quod</strong></span> <span class='ocrx_word' id='word_1_325' title='bbox 959 4077 1058 4128; x_wconf 89' lang='lat' dir='ltr'><strong>codices</strong></span> <span class='ocrx_word' id='word_1_326' title='bbox 1071 4082 1201 4144; x_wconf 86' lang='lat' dir='ltr'><strong>praebent,</strong></span> <span class='ocrx_word' id='word_1_327' title='bbox 1222 4080 1272 4131; x_wconf 85' lang='grc' dir='ltr'><strong>οὐκ</strong></span> <span class='ocrx_word' id='word_1_328' title='bbox 1288 4077 1443 4148; x_wconf 83' lang='grc' dir='ltr'><strong><em>ἠφανίσθη,</em></strong></span> 
     </span>
     <span class='ocr_line' id='line_1_36' title="bbox 185 4160 1442 4234; baseline -0.001 -18"><span class='ocrx_word' id='word_1_329' title='bbox 185 4182 246 4216; x_wconf 89' lang='lat' dir='ltr'><strong>narn</strong></span> <span class='ocrx_word' id='word_1_330' title='bbox 271 4175 325 4216; x_wconf 88' lang='lat' dir='ltr'><strong>tum</strong></span> <span class='ocrx_word' id='word_1_331' title='bbox 348 4184 434 4218; x_wconf 87' lang='lat' dir='ltr'><strong>eorum</strong></span> <span class='ocrx_word' id='word_1_332' title='bbox 459 4169 564 4217; x_wconf 88' lang='lat' dir='ltr'><strong>nomina</strong></span> <span class='ocrx_word' id='word_1_333' title='bbox 586 4175 725 4227; x_wconf 86' lang='lat' dir='ltr'><strong>exstarent,</strong></span> <span class='ocrx_word' id='word_1_334' title='bbox 750 4167 795 4216; x_wconf 91' lang='lat' dir='ltr'><strong>sed</strong></span> <span class='ocrx_word' id='word_1_335' title='bbox 814 4160 970 4234; x_wconf 67' lang='grc' dir='ltr'><strong><em>ἠφανίσθη,</em></strong></span> <span class='ocrx_word' id='word_1_336' title='bbox 996 4173 1023 4215; x_wconf 92' lang='lat' dir='ltr'><strong>ut</strong></span> <span class='ocrx_word' id='word_1_337' title='bbox 1040 4184 1093 4217; x_wconf 91' lang='lat' dir='ltr'><strong>non</strong></span> <span class='ocrx_word' id='word_1_338' title='bbox 1111 4169 1160 4217; x_wconf 87' lang='lat' dir='ltr'><strong>iam</strong></span> <span class='ocrx_word' id='word_1_339' title='bbox 1178 4169 1275 4233; x_wconf 90' lang='lat' dir='ltr'><strong>possint</strong></span> <span class='ocrx_word' id='word_1_340' title='bbox 1292 4167 1442 4216; x_wconf 85' lang='lat' dir='ltr'><strong>nominatim</strong></span> 
     </span>
     <span class='ocr_line' id='line_1_37' title="bbox 111 4250 1443 4324; baseline 0.002 -20"><span class='ocrx_word' id='word_1_341' title='bbox 111 4316 113 4320; x_wconf 28' lang='grc' dir='ltr'>Ι</span> <span class='ocrx_word' id='word_1_342' title='bbox 186 4255 310 4320; x_wconf 82' lang='lat' dir='ltr'><strong>adpellari</strong></span> <span class='ocrx_word' id='word_1_343' title='bbox 322 4272 405 4322; x_wconf 90' lang='lat' dir='ltr'><strong>neque</strong></span> <span class='ocrx_word' id='word_1_344' title='bbox 417 4264 491 4306; x_wconf 88' lang='lat' dir='ltr'><strong>testes</strong></span> <span class='ocrx_word' id='word_1_345' title='bbox 503 4257 581 4308; x_wconf 90' lang='lat' dir='ltr'><strong>citari.</strong></span> <span class='ocrx_word' id='word_1_346' title='bbox 608 4257 641 4306; x_wconf 89' lang='lat' dir='ltr'><strong>Ut</strong></span> <span class='ocrx_word' id='word_1_347' title='bbox 653 4257 743 4306; x_wconf 88' lang='lat' dir='ltr'><strong>horum</strong></span> <span class='ocrx_word' id='word_1_348' title='bbox 755 4256 919 4305; x_wconf 85' lang='lat' dir='ltr'><strong>vetustiorum</strong></span> <span class='ocrx_word' id='word_1_349' title='bbox 932 4256 1054 4304; x_wconf 87' lang='lat' dir='ltr'><strong>memoria</strong></span> <span class='ocrx_word' id='word_1_350' title='bbox 1065 4256 1145 4320; x_wconf 87' lang='lat' dir='ltr'><strong>longo</strong></span> <span class='ocrx_word' id='word_1_351' title='bbox 1157 4265 1270 4321; x_wconf 88' lang='lat' dir='ltr'><strong>tempore</strong></span> <span class='ocrx_word' id='word_1_352' title='bbox 1289 4250 1443 4324; x_wconf 79' lang='grc' dir='ltr'><strong><em>ἠφανίσθη,</em></strong></span> 
     </span>
     <span class='ocr_line' id='line_1_38' title="bbox 186 4343 848 4413; baseline 0.003 -21"><span class='ocrx_word' id='word_1_353' title='bbox 186 4343 221 4393; x_wconf 87' lang='lat' dir='ltr'><strong>sic</strong></span> <span class='ocrx_word' id='word_1_354' title='bbox 240 4345 408 4394; x_wconf 86' lang='lat' dir='ltr'><strong>recentiorum</strong></span> <span class='ocrx_word' id='word_1_355' title='bbox 426 4345 617 4410; x_wconf 87' lang='lat' dir='ltr'><strong>contemptione</strong></span> <span class='ocrx_word' id='word_1_356' title='bbox 635 4343 848 4413; x_wconf 63' lang='grc' dir='ltr'><strong><em>ἐξαμαυροῦται,</em></strong></span> 
     </span>
    </p>
   </div>
   <div class='ocr_carea' id='block_1_4' title="bbox 0 0 1642 5040">
    <p class='ocr_par' dir='ltr' id='par_1_5' title="bbox 0 0 1642 5040">
     <span class='ocr_line' id='line_1_39' title="bbox 0 0 1642 5040; baseline 0 0"><span class='ocrx_word' id='word_1_357' title='bbox 0 0 1642 5040; x_wconf 95' lang='lat' dir='ltr'><strong> </strong></span> 
     </span>
    </p>
   </div>
  </div>
 </body>
</html>
