3276 5040
705 395 918 472 -46—.

187 567 301 649 peritia
331 575 380 629 est
409 575 442 628 et
472 574 546 627 sunt
575 565 718 627 nonnulli
748 585 860 627 eorum
887 564 986 639 liberi,
1009 585 1089 645 ergo
1111 565 1207 626 etiarn
1232 563 1270 639 ei,
1292 563 1347 644 qui
1370 580 1446 624 cum

188 673 225 735 iis
246 691 351 752 aequa
374 669 446 751 lege
469 670 704 750 colloquuntur.
749 670 856 732 Nemo
878 669 974 750 igitur
996 669 1118 750 probus
1141 688 1206 732 non
1226 678 1276 731 est
1297 667 1387 731 liber.
1406 702 1446 712 -
1524 670 1527 675 ’

185 777 240 839 Ex
262 778 376 839 eadem
399 785 508 838 autem
530 795 635 856 aequa
665 774 818 855 loquendi
847 774 994 836 libertate
1023 774 1152 856 probari
1181 782 1299 857 potest,
1330 792 1447 835 omnes

186 881 291 945 malos
322 901 433 943 servos
463 901 542 943 esse.
587 881 636 944 Ut
664 881 748 943 enirn
777 881 821 953 iis,
853 879 907 958 qui
933 878 1010 940 artis
1038 879 1170 941 alicuius
1192 879 1330 961 imperiti
1360 887 1446 951 sunt,

186 1006 251 1049 non
276 985 351 1048 licet
373 1006 416 1048 ex
438 1005 543 1066 aequo
567 986 730 1067 disputare
753 1006 826 1047 curn
849 984 895 1057 iis,
919 985 973 1064 qui
995 983 1062 1046 eius
1085 994 1159 1047 sunt
1179 985 1281 1066 periti,
1305 985 1392 1046 idem
1415 982 1448 1044 in

185 1092 251 1156 vita
273 1089 318 1152 fit.
363 1090 466 1170 Atqui
490 1090 649 1164 omnibus,
672 1090 727 1170 qui
748 1089 836 1152 liberi
859 1098 941 1163 sunt,
964 1088 1090 1169 legibus
1113 1090 1308 1164 conceditur,
1338 1097 1375 1151 ut
1404 1107 1448 1150 ex

186 1216 292 1279 aequo
314 1195 478 1275 disputent
502 1195 545 1276 (et
568 1203 641 1257 sunt
664 1194 806 1257 nonnulli
826 1196 986 1257 bonorum
1009 1193 1109 1275 liberi)
1133 1203 1166 1256 et
1181 1201 1254 1255 sunt
1271 1192 1348 1254 mali
1362 1192 1448 1253 vitae

189 1321 294 1364 rerum
318 1300 464 1380 imperiti,
488 1299 580 1380 probi
604 1300 706 1381 periti.
750 1300 856 1361 Nemo
879 1300 974 1380 igitur
988 1297 1093 1361 malus
1107 1297 1187 1359 liber
1203 1307 1260 1373 est,
1284 1297 1341 1359 sed
1365 1295 1449 1358 servi

189 1415 264 1469 sunt
284 1425 424 1467 omnes«
471 1405 713 1485 Philosophiam
743 1405 870 1467 vivendi
900 1413 1003 1465 artem
1032 1402 1172 1476 delinire,
1207 1422 1272 1481 qua
1301 1423 1344 1464 ex
1373 1399 1449 1462 defi·

189 1510 308 1573 nitione
333 1510 415 1572 duae
437 1508 499 1571 hae
514 1510 736 1572 conclusiones
754 1507 1006 1590 proficiscuntur,
1022 1507 1206 1570 Stoicorum
1214 1508 1238 1589 ¹)
1261 1528 1333 1570 esse
1353 1525 1451 1569 nemo

189 1616 299 1677 nescit.
343 1613 448 1675 Paene
478 1616 593 1677 eadem
623 1623 731 1676 autem
763 1614 1013 1694 argumentati0,
1050 1633 1133 1692 quae
1162 1613 1214 1675 hic
1237 1612 1450 1684 concluditur,

192 1721 280 1801 apud
308 1718 493 1798 Epictetum
515 1719 563 1780 IV
589 1736 615 1795 1,
643 1735 701 1800 117
722 1728 787 1781 est:
816 1755 860 1766 -
889 1717 984 1789 οὕτως
1012 1714 1059 1800 ἐφ’
1082 1711 1207 1799 ἑκάστης
1228 1717 1301 1797 ὕλης
1320 1719 1375 1779 τὸν
1397 1714 1452 1795 ἴμ-

189 1847 292 1905 ιτειρον
310 1831 366 1883 τοῦ
381 1823 505 1904 ἀπείρου
521 1831 642 1905 κρατεῖν
656 1833 738 1886 πᾶσα
754 1823 877 1904 ἀνάγκη.
908 1817 1010 1893 Ὅστις
1024 1817 1076 1883 οὖν
1091 1822 1228 1884 καθόλου
1241 1825 1296 1902 τὴν
1306 1824 1374 1905 περὶ
1384 1823 1455 1900 βίον

192 1929 357 2007 ἐπιστήμην
380 1926 530 2007 κέκτηται,
554 1930 586 1990 τί
604 1923 676 1990 ἄλλο
698 1928 716 2010 ἢ
739 1939 845 1991 τοῦτον
868 1923 942 1989 εἶναι
965 1930 1014 1988 dei
1026 1929 1078 1989 τὸν
1092 1929 1257 2009 δεσπότηνς
1280 1966 1323 1975 -
1343 1927 1452 2009 Quan·

192 2055 291 2116 quarn
312 2053 359 2107 ea,
384 2052 448 2112 qua
468 2033 519 2096 hic
542 2047 765 2117 proponuntur
788 2035 900 2109 forma,
931 2034 1002 2095 illas
1026 2034 1248 2096 conclusiones
1277 2053 1344 2096 non
1374 2035 1452 2095 inte·

190 2159 264 2221 gras
294 2158 374 2212 esse,
405 2159 502 2201 nemo
528 2140 668 2221 negabit,
700 2141 754 2222 qui
782 2139 880 2221 paulo
909 2139 1087 2202 accuratius
1115 2160 1170 2202 eas
1191 2138 1452 2202 consideraverit.

190 2244 242 2306 Ac
265 2244 404 2324 primum
426 2245 557 2323 quidem
580 2246 721 2325 priorem
736 2245 918 2307 videamus:
944 2244 1051 2306 Servis
1067 2264 1132 2306 non
1147 2244 1221 2306 licet
1236 2244 1335 2307 libere
1352 2243 1453 2325 loqui.

190 2350 303 2429 Atqui,
334 2350 422 2429 quod
451 2349 483 2410 in
514 2349 642 2429 reliquis
672 2349 793 2412 artibus
823 2348 868 2424 fit,
893 2358 927 2411 ut
949 2350 995 2424 iis,
1024 2349 1077 2428 qui
1100 2349 1192 2430 periti
1215 2350 1278 2411 sint
1301 2350 1377 2412 artis
1400 2347 1454 2410 ali·

191 2455 289 2528 cuiuS,
312 2473 417 2533 aequa
439 2455 520 2517 inter
542 2475 576 2517 se
599 2455 805 2534 colloquendi
828 2455 956 2517 libertas
979 2454 1080 2530 detur,
1111 2455 1225 2517 eadem
1255 2455 1311 2517 lex
1332 2455 1365 2515 in
1386 2453 1456 2516 vita

191 2558 287 2621 valet.
333 2556 504 2639 Sapientes
526 2569 634 2637 autem
658 2579 771 2621 omnes
794 2579 900 2621 rerum
921 2561 963 2622 ad
985 2560 1084 2621 vitam
1109 2560 1335 2640 pertinentium
1357 2559 1454 2640 periti

192 2673 274 2727 sunt.
306 2701 345 2711 -
373 2666 621 2746 exspectaveris,
653 2666 741 2744 quod
770 2665 851 2727 ratio
881 2665 986 2737 docet,
1016 2665 1083 2725 sine
1109 2685 1200 2726 mora
1222 2665 1266 2726 sic
1287 2663 1455 2727 concludi:

195 2789 274 2847 ergo
298 2788 436 2848 aequam
458 2769 499 2830 de
521 2770 587 2830 vita
607 2768 814 2849 colloquendi
836 2769 1017 2831 libertatem
1039 2769 1168 2844 habent,
1199 2779 1233 2831 ut
1252 2788 1367 2831 omnes
1390 2769 1456 2831 sint

192 2873 291 2936 liberi.
336 2873 398 2935 Pro
425 2893 465 2934 co
489 2871 644 2936 libertatis
667 2874 850 2936 notionibus
876 2875 956 2936 inter
978 2894 1013 2936 sc
1038 2874 1172 2936 diversis
1190 2861 1381 2956 permutatis
1407 2895 1455 2938 se·

194 2985 333 3058 quuntur
355 2976 452 3039 haec:
476 2985 509 3038 et
531 2986 607 3039 sunt
628 2978 770 3040 nonnulli
792 2980 954 3060 sapientes
975 2979 1064 3042 liberi
1087 2980 1145 3062 (ex
1160 2980 1226 3041 iure
1242 2979 1346 3060 civili),
1370 2999 1454 3061 ergo

193 3083 290 3146 etiam
313 3083 351 3158 ei,
376 3081 491 3162 quibus
513 3081 587 3144 licet
608 3103 651 3144 ex
672 3103 777 3163 aequo
802 3104 875 3146 curn
891 3084 927 3145 iis
943 3083 1093 3165 colloqui,
1110 3093 1145 3146 ut
1162 3106 1275 3148 omnes
1289 3084 1456 3167 sapientes

173 3256 177 3263 ,
195 3189 284 3252 liberi
298 3189 370 3262 sint,
387 3188 430 3268 (id
446 3197 553 3251 estex
568 3188 634 3250 iure
651 3191 804 3269 naturae).
839 3187 925 3268 Quid
942 3190 1149 3251 statuendum
1168 3191 1253 3252 sitin
1275 3190 1336 3253 hac
1352 3209 1397 3264 re,
1425 3190 1457 3253 in
1473 3261 1474 3265 Ἰ

194 3303 349 3375 promptu
365 3302 423 3359 est.
458 3292 569 3355 Verba
581 3295 631 3353 uui
649 3293 707 3355 εἶσί
719 3316 797 3365 τινες
812 3296 912 3354 αὐτῶν
928 3291 1090 3376 ἐλεύθεροι,
1102 3293 1178 3356 ὥστε
1192 3295 1241 3355 καὶ
1254 3294 1317 3357 ὅσοι
1334 3295 1457 3368 τούτοις

198 3399 349 3479 ἰσηγορίας
362 3396 547 3477 μετέχουσιν,
564 3419 648 3478 quae
663 3398 801 3461 absurde
818 3399 1057 3461 conclusionem
1073 3400 1269 3479 perturbant,
1291 3421 1310 3463 a
1332 3401 1456 3482 compi-

195 3503 297 3566 latore
315 3503 472 3566 inculcata
488 3514 571 3586 sunt,
584 3525 681 3584 quem
693 3505 772 3566 duas
785 3503 939 3565 libertatis
951 3504 1097 3566 notiones
1109 3525 1173 3567 non
1186 3506 1330 3587 potuisse
1346 3505 1457 3569 distin·

196 3628 296 3689 guere
311 3628 408 3689 supra
424 3610 502 3671 satis
517 3629 678 3690 superque
693 3610 770 3671 satis
787 3609 990 3670 vidimus-
1001 3609 1169 3672 Difficilior
1181 3632 1230 3673 res
1243 3620 1293 3673 est
1304 3611 1336 3672 in
1351 3609 1460 3674 altera

199 3714 459 3794 interrogatione,
472 3735 556 3797 quae
567 3715 658 3777 sicuti
671 3736 754 3776 nunc
766 3715 895 3795 quidem
914 3723 971 3788 est,
989 3735 1119 3795 prorsus
1136 3735 1287 3797 perversa
1302 3725 1361 3792 est,
1379 3737 1458 3779 curn

195 3819 240 3879 sic
263 3819 434 3899 procedat:
481 3818 528 3883 Ut
555 3821 586 3882 in
616 3819 743 3900 reliquis
768 3820 897 3893 artibus
929 3820 974 3882 sic
1002 3824 1031 3882 in
1056 3821 1121 3882 vita
1143 3821 1260 3883 nemini
1284 3841 1392 3883 rerum
1416 3823 1461 3885 ad

282 4093 303 4159 ¹)
320 4097 405 4145 Locos
421 4097 441 4145 si
466 4096 521 4159 quis
541 4097 638 4161 quaerit
656 4105 753 4161 praeter
769 4097 877 4161 Epicteti
901 4112 976 4161 quem
1000 4095 1136 4144 adtulimus
1153 4097 1247 4155 locum,
1266 4097 1381 4148 conferat
1404 4098 1460 4149 Cic.

197 4187 273 4233 Tusc.
295 4186 321 4233 II
342 4197 380 4235 12.
405 4184 449 4233 fin.
471 4185 546 4244 1114
571 4200 610 4233 ars
634 4193 671 4233 est
693 4186 760 4234 enim
784 4184 946 4249 philosophia
968 4185 1041 4233 vitae.
1086 4184 1182 4233 Seneca
1200 4201 1240 4250 ep.
1259 4197 1301 4250 95,
1320 4198 1343 4248 7.
1382 4185 1461 4237 stob.

198 4273 243 4321 ecl.
262 4273 289 4320 Il
310 4286 366 4322 120.
385 4267 486 4343 ἀρετὴν
503 4274 569 4341 περὶ
589 4268 654 4324 ὅλον
672 4268 760 4325 οὖσαν
778 4268 827 4324 τὸν
845 4276 909 4338 βίον
927 4273 1034 4340 τέχνην.
