3276 5040
746 315 958 443 ψ’.

225 531 319 594 Plura
337 539 445 594 autem
460 531 643 598 testimonia
664 533 790 595 videtur
811 533 862 595 ille
885 533 964 595 liber
979 552 1045 605 non
1058 529 1250 606 exhibuisse,
1273 551 1347 593 cum
1369 529 1478 604 verba,

225 638 341 719 quibus
351 638 512 719 Euripidis
527 638 745 700 testimonium
761 638 968 713 concluditur,
985 658 1024 700 ea
1040 637 1110 712 sint,
1127 636 1241 719 quibus
1256 645 1332 718 apte
1347 637 1479 698 omnino

225 744 407 805 testimonia
427 743 666 818 concludantur,
691 765 875 826 quanquam
889 746 966 806 certi
983 744 1158 824 quidquam
1175 763 1239 805 non
1255 740 1477 804 adfirmamus:

229 849 356 911 »Merae
379 850 474 929 igitur
496 859 570 911 sunt
593 869 697 929 nugae
713 849 842 912 tabulae
858 850 1041 931 emptionis,
1057 868 1153 928 quam
1170 849 1288 922 dicunt,
1308 848 1333 909 si
1349 846 1480 927 quidem

224 952 431 1017 validioribus
454 974 576 1028 eorum,
600 955 653 1033 qui
669 975 797 1036 pereas
813 955 842 1016 in
858 956 1043 1017 servitutem
1059 954 1187 1031 abeunt,
1203 953 1322 1014 viribus
1336 961 1479 1014 evertun-

224 1070 284 1134 tur,
294 1059 483 1121 infirmiores
494 1059 567 1122 illae
579 1060 696 1122 chartis
708 1081 772 1122 non
783 1062 918 1142 scriptis,
932 1081 1014 1141 quae
1023 1061 1150 1141 quidem
1159 1060 1260 1136 tineis,
1267 1057 1478 1140 temporibus,

226 1166 286 1227 situ
311 1175 568 1227 consumantur«
608 1164 775 1241 Simillima
798 1177 906 1230 autem
929 1177 1003 1229 sunt
1024 1166 1082 1240 his,
1112 1185 1194 1246 quae
1217 1185 1315 1246 supra
1337 1165 1380 1245 (p.
1402 1164 1479 1243 452)

224 1273 264 1332 de
292 1270 416 1350 legibus
444 1271 529 1333 dicta
558 1281 646 1334 sunt:
690 1272 779 1351 νόμος
800 1272 833 1333 δὲ
855 1271 991 1352 ἀψευδὴς
1011 1273 1027 1333 ὁ
1048 1272 1143 1352 ὀρθὸς
1164 1271 1249 1352 λόγος
1271 1272 1325 1349 οὐχ
1346 1269 1404 1330 ὑπὸ
1426 1276 1481 1328 τοῦ

223 1376 317 1448 δεῖνος
342 1373 363 1456 ἢ
392 1386 446 1437 τοῦ
473 1377 568 1448 δεῖνος
595 1381 713 1458 θνητοῦ
742 1379 893 1461 (sinopide,
926 1379 956 1440 ἓν
982 1376 1189 1461 χαρτιδίοιςῆ
1216 1377 1339 1455 στήλαις
1360 1376 1481 1455 ἄψυχος

224 1472 363 1560 ιἰψύχοις,
387 1479 452 1542 ἀλλ’
475 1473 522 1542 ὑπ’
546 1479 705 1544 ἀθανάτου
727 1485 844 1565 φύσεως
865 1509 892 1545 κ.
908 1508 935 1545 τ.
952 1488 978 1545 l.

308 1588 376 1649 Iam
399 1587 589 1662 adferamus,
613 1609 695 1669 quae
719 1600 886 1669 praeterea
906 1612 949 1653 ex
971 1591 1072 1653 altera
1098 1589 1191 1651 huius
1220 1588 1290 1650 libri
1317 1595 1408 1667 parte
1425 1585 1480 1648 ad

224 1693 340 1755 librum
363 1693 452 1755 illum
475 1695 515 1756 de
531 1695 683 1775 sapientis
699 1694 844 1758 libertate
860 1705 933 1758 sunt
949 1695 1123 1761 reserenda.
1163 1692 1245 1769 Sunt
1260 1700 1368 1755 autern
1383 1691 1478 1753 haec:

225 1820 256 1880 p.
272 1799 352 1876 466:
389 1799 449 1861 »Et
469 1820 547 1861 vero
576 1820 616 1861 ne
641 1799 717 1862 illud
746 1802 876 1880 quidem
906 1810 955 1863 est
985 1803 1039 1881 qui
1062 1801 1197 1881 ignoret,
1221 1798 1345 1861 etiamsi
1368 1797 1481 1859 leviter

223 1905 334 1967 litteris
356 1905 497 1967 imbutus
520 1915 579 1982 est,
602 1905 747 1986 pulcrum
770 1928 840 1969 esse
862 1907 1052 1979 libertatem,
1075 1906 1261 1967 servitutem
1283 1913 1386 1984 turpe,
1410 1899 1481 1983 pul-

220 2024 278 2072 ‘cra
300 2020 409 2072 autem
432 2031 503 2072 esse
523 2011 692 2087 bonorum,
717 2012 876 2076 malorum
899 2014 1013 2094 turpia.
1059 2012 1112 2083 Ex
1132 2010 1182 2072 his
1205 2011 1275 2073 luce
1297 2009 1411 2072 clarius
1431 2016 1481 2082 est

225 2136 328 2195 neque
357 2116 517 2178 bonorum
545 2137 742 2198 quemquam
772 2139 843 2181 esse
873 2137 1018 2193 servum,
1049 2118 1173 2180 etiamsi
1204 2116 1340 2178 sescenti
1370 2117 1481 2176 instru-

224 2231 332 2283 menta
370 2222 582 2303 possessionis
616 2225 645 2284 ei
679 2224 851 2299 intentant,
898 2245 1003 2304 neque
1033 2224 1247 2305 insipientium
1281 2238 1481 2301 quemquam

224 2328 368 2402 liberum,
400 2329 460 2390 etsi
483 2326 622 2391 Croesus
651 2330 692 2391 sit
718 2338 773 2391 aut
795 2329 900 2391 Midas
930 2340 985 2392 aut
1008 2351 1067 2392 rex
1090 2330 1286 2391 Persarum«
1332 2329 1405 2396 Τοῖς
1425 2322 1482 2403 pir

228 2433 400 2504 σπουδαίοις
430 2431 527 2494 πάντα
550 2435 674 2516 τάγαθὰ
703 2434 857 2516 ὑπάρχειν,
886 2442 949 2508 τοῖς
978 2434 1011 2496 ile*
1041 2434 1166 2518 φαύλοις
1195 2432 1293 2493 πάντα
1323 2431 1362 2492 τὰ
1391 2428 1480 2504 κακά,

225 2539 329 2618 (Stob.
354 2539 411 2601 ecl.
435 2540 464 2600 ΙΙ
490 2540 550 2621 55),
575 2539 757 2602 Stoicorum
781 2563 850 2603 esse
874 2541 956 2603 hanc
971 2543 1152 2604 doctrinum
1169 2560 1265 2601 nemo
1279 2538 1388 2599 nescit.
1426 2536 1481 2597 Ex

224 2645 329 2707 verbis
359 2654 486 2722 autem,
520 2645 635 2727 quibus
665 2646 828 2708 conclusio
857 2646 901 2722 fit,
932 2668 1005 2709 cum
1035 2654 1184 2728 spectent
1214 2645 1254 2707 ad
1285 2641 1481 2725 quaestionis

223 2751 346 2812 initium
370 2751 411 2831 (p.
435 2753 513 2827 448:
536 2751 590 2811 τὸν
612 2752 754 2828 dependerit
775 2752 934 2836 ἐλεύθερον
956 2751 1160 2832 ἀναζητῶμεν,
1182 2739 1207 2835 ᾧ
1226 2749 1310 2832 μόνῳ
1331 2749 1366 2809 τὸ
1388 2749 1480 2809 αὐτο-

224 2852 330 2936 κρατὲς
357 2852 508 2936 πρόσεστι,
536 2857 585 2915 καὶ
606 2850 642 2916 ἂν
662 2858 762 2940 μυρίοι
792 2857 930 2942 γράφωσι
952 2857 1099 2929 δεσπότας
1128 2852 1274 2937 ἑαυτούς),
1303 2855 1389 2916 haud
1412 2855 1480 2916 scio

224 2981 264 3022 an
288 2981 351 3022 non
374 2959 454 3022 falso
470 2962 648 3043 suspicatus
663 2964 732 3037 sim,
756 2964 787 3024 in
808 2964 891 3026 hanc
913 2961 1249 3043 interrogatiunculam
1269 2962 1299 3022 in
1323 2960 1377 3022 illo
1398 2959 1480 3022 libro

225 3066 447 3146 quaestionem
470 3068 601 3129 exiisse:
639 3088 698 3131 nec
721 3069 961 3150 potestnegari
989 3091 1061 3132 eam
1091 3078 1167 3149 apte
1194 3067 1284 3147 quasi
1315 3063 1479 3129 cumulum

224 3172 420 3254 argumentis
448 3172 488 3233 de
517 3173 668 3254 sapientis
698 3175 843 3238 libertate
871 3177 1033 3257 congestis
1062 3176 1224 3237 accedere.
1246 3173 1480 3234 -Praeterea

224 3278 286 3339 huc
308 3277 445 3359 pertinet
466 3299 503 3340 ea
527 3300 609 3359 quae
632 3302 663 3362 p.
676 3281 739 3358 468
762 3282 919 3343 invenitur
940 3280 1138 3343 adhortatio:
1168 3280 1304 3343 »Probra
1321 3286 1430 3340 autem
1447 3284 1481 3338 et

225 3385 335 3456 minas,
359 3403 442 3462 quae
465 3385 595 3463 quidam
625 3387 822 3467 sapientibus
851 3387 924 3448 viris
953 3387 1116 3448 intendere
1145 3386 1259 3459 solent,
1291 3405 1351 3466 pro
1381 3381 1480 3444 nihilo

224 3490 379 3551 ducamus
400 3490 549 3571 idemque
566 3494 825 3572 respondeamus,
850 3492 938 3570 quod
954 3491 1168 3570 Antigenidas
1182 3491 1309 3565 tibicen,
1332 3491 1386 3569 qui
1405 3507 1480 3550 cum

223 3594 337 3673 aliquis
366 3593 442 3655 artis
472 3594 706 3658 aemulatorum
734 3598 781 3660 ira
809 3597 1026 3660 inflammatus
1053 3598 1196 3672 dixisset,
1227 3617 1262 3658 se
1294 3615 1368 3656 curn
1391 3613 1478 3674 emp·

224 3709 331 3762 turum
354 3720 425 3761 esse
434 3699 468 3777 1),
493 3708 571 3773 tum,
593 3702 703 3782 inquit,
727 3703 805 3765 tibia
826 3724 940 3766 canere
962 3713 996 3765 te
1011 3703 1146 3766 docebo.
1185 3701 1238 3765 Sic
1253 3702 1341 3766 bono
1356 3701 1425 3762 viro
1441 3699 1479 3773 ei,

224 3806 276 3884 qui
293 3826 366 3866 cum
383 3813 549 3884 empturus
565 3817 621 3880 est,
640 3810 915 3890 respondendum:
939 3819 1008 3872 tum
1026 3809 1215 3890 sapientiam
1232 3807 1407 3880 doceberis,
1425 3805 1480 3867 mi·

224 3912 310 3973 nanti
334 3911 480 3972 exilium:
505 3913 609 3974 omnis
633 3913 708 3975 mihi
732 3925 815 3977 terra
843 3918 955 3996 patria,
987 3917 1118 3978 minanti
1148 3915 1302 3996 pecuniae
1332 3913 1480 3994 privatio·

224 4038 314 4080 nem:
345 4015 457 4097 paucis
480 4026 648 4080 contentus
671 4040 743 4082 sum
766 4019 867 4104 (ἀρκεῖ
885 4002 994 4104 μετρία
1015 4014 1104 4099 βιοτά
1125 4036 1176 4099 μοι
1199 4019 1341 4100 Euripid.
1364 4017 1477 4098 fragm.

225 4125 284 4202 885
316 4122 459 4202 Nauck),
504 4124 635 4186 minanti
668 4126 781 4207 plagas
815 4136 912 4208 atque
948 4138 1104 4191 mortem:
1146 4149 1208 4190 non
1245 4147 1315 4189 sum
1351 4122 1480 4187 inferior
1518 4192 1523 4200 ‚

310 4275 331 4340 ¹)
347 4279 422 4326 Talia
440 4278 534 4326 nemini
552 4280 599 4327 nisi
617 4296 689 4330 servo
708 4282 796 4331 minari
814 4283 869 4347 quis
888 4290 981 4347 potest,
1001 4291 1029 4333 ut
1045 4301 1147 4333 necesse
1165 4284 1195 4332 sit
1208 4281 1379 4332 interciderint
1390 4280 1477 4340 verba,

224 4367 315 4433 quibus
335 4367 405 4415 illum
423 4383 522 4416 servum
540 4369 614 4417 fuisse
633 4369 792 4421 indicaretur.
